3040 3729
1267 344 1613 395 -23-

341 479 1783 547 mmetffldoedadcentmrimvubu·
1809 487 2002 534 ιιῠεωίι.
2072 483 2131 535 Si
2180 485 2343 543 Turie-
2393 486 2530 537 solus

344 560 1473 638 Wmoefiqufflegodeh.
1489 563 2529 634 Ldiceoe-3sed'quunCe-panusquo-

345 642 1699 720 qadimlegssfaeilesnspieefiqmpercepisse
1747 649 2005 716 primarium
2050 646 2251 698 verbum
2299 646 2529 709 librarios,

343 748 551 800 quom·
573 727 655 779 dii
691 728 925 786 budiaoeit,
950 728 1138 776 obduxit
1172 724 1265 775 alii
1316 723 1697 776 abstinerent&
1763 728 1882 778 Mihi
1932 726 2126 793 quide-
2167 726 2282 775 nihil
2326 727 2531 795 putiihs

342 811 836 876 vimi—argumento
870 804 954 857 illo
988 804 1314 856 aballusione
1353 806 1527 873 petito,
1578 811 2020 901 quumpmesertim
2070 812 2530 858 aaduoereteioebroe

341 908 480 946 nemo
511 890 651 943 facilc
683 891 795 945 tete
825 886 1121 955 probaverit,
1171 901 1306 953 quain
1357 883 1575 936 idoneum
1626 865 1730 937 erus
1780 887 1998 939 dictionis
2039 888 2305 956 exemplum
2337 888 2530 939 alim

343 974 495 1026 fuerit.
559 949 1625 1034 hlecflfievulgataminimehaerendum.
1678 966 2158 1032 Gieradme,
2196 969 2295 1020 16·
2339 979 2529 1020 conam

344 1054 700 1104 estclarioeimie
732 1052 864 1098 rebus
898 1048 1096 1097 mlii-ae
1130 1051 1357 1097 obduco-e.
1427 1047 1606 1100 Plinius
1639 1051 1702 1100 Η.
1736 1052 1802 1101 Ν.
1838 1050 1904 1112 11,
1955 1048 1992 1098 7
2043 1052 2138 1099 init.
2207 1053 2311 1100 Hac
2362 1038 2526 1116 (luna)

344 1138 550 1183 subeunte
597 1135 849 1192 repentinae
900 1132 1067 1178 οῠάισὶ
1109 1130 1319 1177 tenebram
1391 1126 1549 1181 Bamb.
1601 1134 1816 1191 abduxit,
1861 1146 1955 1197 quo
1989 1129 2117 1181 unde
2151 1134 2345 1180 addin-it
2376 1136 2527 1182 ortum

343 1217 417 1277 sit,
445 1217 493 1263 in
524 1212 633 1262 luce
665 1212 855 1279 ponitur
891 1209 1033 1260 clara.

446 1319 621 1400 Habent
653 1300 908 1403 tamm‘blii
942 1310 1109 1400 quoque
1154 1338 1350 1397 Comici',
1396 1342 1437 1385 ei
1470 1314 1575 1388 σὰ
1607 1314 1731 1387 ¹taenia
1766 1341 1989 1399 leymtur,
2027 1341 2272 1400 quaedam,
2308 1356 2421 1400 quae
2489 1367 2526 1407 '.·.

438 1423 582 1482 poesie
614 1421 861 1480 decerpere.

344 1534 551 1597 „Fateor
582 1548 672 1595 me,
702 1532 818 1598 quid
850 1535 914 1582 sit
943 1535 1087 1593 leyere
1118 1550 1219 1581 cum
1251 1537 1393 1592 vernia,
1427 1533 1670 1599 florere.
1740 1531 1936 1584 Cuinam
1980 1533 2116 1584 datur
2165 1534 2286 1584 haec
2339 1535 2519 1584 venia.
2496 1532 2525 1569 ‘²

344 1615 549 1679 Legenti
581 1629 642 1661 an
675 1614 893 1679 scriptori
936 1611 1183 1679 legendo.
1161 1611 1190 1648 ‘²
1257 1612 1502 1663 Posterius
1533 1613 1699 1680 probat
1732 1614 1979 1664 Gesnerus
2012 1617 2059 1663 in
2108 1614 2361 1696 Thes'ro
2414 1614 2524 1663 Lat.

345 1711 518 1745 memor
551 1693 709 1755 huius,
744 1708 879 1758 quem
913 1692 991 1743 hic
1023 1698 1389 1755 transcurrerat,
1441 1692 1570 1744 loci·
1623 1697 1879 1744 eoemoemdo
1910 1700 1952 1744 εἰ
1984 1699 2094 1758 quid
2122 1700 2268 1743 misius
2296 1696 2525 1756 probabile

347 1784 560 1825 οοοωται.
630 1772 736 1824 Sed
769 1790 890 1839 quae
923 1774 1042 1825 baec
1077 1780 1153 1826 est
1200 1775 1319 1824 ratio
1369 1773 1572 1825 addendi
1622 1774 1716 1826 hoc
1768 1775 1831 1827 de
1881 1778 2031 1826 animo
2081 1775 2143 1825 ad
2192 1775 2525 1842 indulgentiam

342 1857 615 1923 composito,
640 1856 726 1919 qui
756 1853 889 1914 bona
913 1853 1138 1920 quaedam
1171 1857 1218 1904 in
1253 1855 1388 1905 hisce
1421 1855 1722 1922 scriptoribus
1757 1858 1818 1904 sit
1850 1859 2124 1907 inventurus
2141 1855 2168 1904 ’ἓ
2237 1856 2330 1916 Qui
2363 1855 2523 1903 indul-

342 1942 427 2002 get
457 1937 651 1995 vitiosis,
686 1937 730 1983 is
763 1950 879 1985 sane
915 1935 1055 1986 multa
1087 1925 1260 2002 poterit
1275 1936 1516 2004 Qrobare3
1559 1935 1650 1988 sed
1683 1936 1939 1987 verendum
1973 1940 2076 1999 erit,
2127 1952 2188 1986 ne
2222 1937 2356 2004 plura
2389 1951 2524 2001 quam

343 2032 463 2083 opus
495 2019 565 2064 sit.
632 2016 715 2064 An
767 2018 1049 2082 accipiemus
1099 2020 1269 2078 vertiam
1317 2015 1625 2082 legendorum
1675 2016 1832 2067 talium
1884 2034 1915 2067 a
1964 2022 2274 2085 praeceptore
2325 2016 2527 2066 discenti

344 2108 615 2144 concessam
630 2094 657 2143 ’ἒ
726 2096 800 2145 At
833 2096 926 2145 hoc
969 2094 1109 2161 plane
1133 2098 1377 2162 jejunum,
1413 2111 1566 2161 neque
1582 2089 1723 2167 >{enim
1756 2096 1864 2164 plus
1898 2099 2107 2147 inveniet
2140 2098 2250 2146 boni
2300 2098 2377 2160 qui
2426 2111 2523 2144 vo-

344 2173 471 2224 lente
503 2178 723 2241 magistro
756 2176 911 2242 leget,
957 2192 1090 2242 quam
1122 2179 1200 2241 qui
1232 2175 1439 2225 nolente.
1507 2175 1683 2242 Longe
1727 2168 1879 2245 *us
1932 2183 2057 2237 erat,
2108 2178 2150 2225 si
2200 2193 2301 2224 cum
2350 2178 2523 2224 delectu

342 2252 552 2315 dixisset,
586 2256 670 2305 vel
703 2273 804 2304 cum
838 2262 1052 2317 cautione,
1086 2256 1170 2306 vel
1203 2262 1256 2304 ut
1289 2262 1337 2314 s.
1385 2255 1486 2305 116
1531 2260 1633 2304 eum
1670 2260 1847 2305 iudicio.
1919 2257 2000 2306 An
2051 2256 2174 2306 forte
2224 2253 2318 2305 hoc
2369 2255 2521 2315 inerit,

344 2333 385 2381 si
435 2337 699 2401 reposueris
752 2352 852 2385 cum
899 2339 1161 2386 verecumdia
1178 2341 1239 2384 ?“
1322 2335 1459 2387 Haec
1508 2335 1841 2403 SpaldingiuS,
1894 2350 2055 2385 omnes
2106 2334 2201 2384 loci
2250 2332 2520 2402 explicandi

341 2415 544 2464 rationes
594 2414 799 2466 dilucide
851 2432 1123 2484 exponens,
1185 2416 1351 2482 quibus
1399 2417 1574 2466 frustra
1623 2416 1950 2476 Buttmannus‚
2014 2431 2148 2480 quem
2199 2421 2392 2465 secutus
2443 2417 2520 2464 est

337 2492 674 2558 Frotscherus,
727 2499 949 2547 continuo
969 2497 1186 2547 ‘subiecit
1203 2517 1217 2545 ε
1270 2497 1419 2559 „Mihi
1467 2503 1619 2547 tamen
1670 2494 1898 2546 satisfacit
1942 2495 2144 2546 Gesner-i
2192 2497 2323 2565 ratio.
2391 2494 2519 2546 Nam

341 2576 483 2624 venia
514 2578 671 2643 utique
706 2584 757 2628 et
788 2577 1075 2645 indulgentia
1111 2594 1231 2645 opus
1265 2583 1366 2640 est,
1417 2579 1459 2627 si
1508 2579 1611 2643 quis
1662 2581 1849 2627 ceteros
1883 2577 2117 2638 comicos,
2168 2591 2199 2624 a
2246 2575 2514 2627 Menandro

339 2652 628 2719 obscuratos,
658 2659 826 2726 legere
860 2663 1054 2709 animum
1088 2659 1291 2709 inducat.
1354 2659 1447 2719 Qui
1478 2662 1616 2725 igitur
1649 2675 1679 2706 a
1712 2658 1836 2706 vitiis
1867 2657 2049 2708 illorum
2082 2655 2515 2720 nofflabsterretur,

337 2733 380 2783 is
413 2735 630 2801 inveniet,
662 2755 790 2805 quac
825 2755 1093 2808 excerpere
1127 2742 1264 2792 etiam
1298 2738 1476 2789 volet.“
1544 2738 1829 2805 Comparato
1862 2738 1973 2787 loco
2004 2745 2051 2797 §-
2089 2735 2189 2785 116
2223 2738 2363 2787 unice
2395 2752 2515 2787 vera

340 2817 390 2884 ct
422 2820 531 2882 apta
559 2820 748 2872 videtur
782 2837 842 2872 ea
875 2822 1120 2882 sententia,
1157 2837 1248 2889 qua
1280 2822 1426 2870 venia
1458 2818 1520 2869 ad
1538 2819 1727 2869 liberam
1759 2818 1962 2884 legentis
1982 2821 2262 2885 potestatem
2296 2816 2516 2879 refertur,

335 2909 469 2958 quae,
503 2913 637 2962 quum
670 2904 881 2954 comicos
913 2901 1027 2955 illos
1058 2901 1236 2958 Fabius
1269 2900 1331 2950 ad
1381 2899 1707 2951 instituendum
1741 2904 1972 2950 oratorem
2010 2897 2135 2947 haud
2168 2897 2358 2949 multum
2391 2913 2516 2950 con-

335 2968 461 3024 ferre
491 2977 594 3044 ipse
628 2979 815 3044 dixerit,
849 2998 944 3032 non
977 2984 1025 3029 in
1058 2981 1151 3030 alia
1183 2997 1238 3032 re
1289 2997 1423 3046 quam
1464 2985 1512 3031 in
1561 2980 1747 3030 arbitrio
1800 2978 2005 3044 eligendi
2055 2978 2237 3043 legenti
2276 2994 2515 3030 concesso

334 3058 516 3104 versari
547 3065 706 3125 potest
723 3082 737 3111 ι
789 3079 884 3128 quo
916 3061 1105 3113 arbitrio
1142 3065 1202 3112 si·
1225 3061 1397 3130 legens
1449 3067 1581 3113 recte
1615 3065 1789 3119 utatur,
1841 3056 1969 3109 haud
2013 3056 2182 3109 defore
2231 3061 2298 3110 ait
2348 3064 2517 3112 auctor

337 3148 459 3196 411188
491 3135 751 3209 decerpere
783 3145 947 3210 possit.
1020 3145 1150 3192 &m
1166 3147 1291 3192 certia
1332 3145 1472 3210 igitur
1515 3142 1638 3194 idem
1669 3145 1744 3192 est
1777 3156 1839 3192 ac
1873 3155 1978 3190 cum
2011 3140 2211 3200 delectis,
2258 3143 2327 3191 uti
2381 3149 2516 3195 recte

333 3219 525 3278 ⁰⁰90?ss
554 3216 875 3291 Spaldingius.
945 3220 1234 3274 Coniectura
1284 3239 1404 3273 vero
1438 3225 1485 3272 in
1529 3224 1786 3282 sententia,
1839 3222 1974 3272 cuius
2026 3224 2145 3271 ratio
2199 3238 2264 3272 ex
2314 3224 2516 3273 consilio

2859 0 2961 175 ³:³³³ss
