3040 3729
1225 407 1296 418 .-
1368 378 1428 429 11
1503 408 1569 416 -

305 509 624 589 &ponendum
651 520 801 570 suasit
835 521 955 580 quod
980 522 1237 581 quaudoque
1268 522 1410 566 mor
1443 527 1512 567 est
1543 518 1677 581 (scil.
1703 533 1759 569 se
1790 520 1939 585 ipso),
1960 517 2025 568 ad
2055 520 2328 569 sententiam
2359 517 2484 568 haud

296 602 455 663 >malm
501 603 592 651 nisi
628 617 792 652 rursus
836 601 882 649 in
936 603 1062 652 voce
1105 603 1247 649 ηιὰιω·
1280 597 1563 656 haerendum
1600 607 1755 661 esset,
1807 605 1858 650 ut
1892 602 2042 649 statim
2077 598 2365 651 ostendetur.
2432 600 2484 650 A

303 682 526 736 Geusleri
579 688 733 734 autem
792 681 1055 733 offensione
1109 680 1355 747 profectus
1412 678 1728 732 Frotscherus
1780 680 1891 732 loco
1951 695 2232 734 succurrere
2293 682 2485 732 instituit

300 763 509 829 legendo
544 766 763 825 quondam
795 776 881 828 pro
916 778 1147 823 quomrum,
1182 776 1212 810 a
1245 765 1338 826 qua
1369 759 1575 811 lectione
1617 763 1664 811 in
1697 767 1965 813 contextum
2010 761 2311 830 suscipienda
2344 766 2482 812 mute

294 844 530 895 abstinuit.
598 844 675 894 Ea
710 845 829 894 enim
863 860 954 909 qua
987 843 1090 894 vult
1123 842 1442 894 F'rotscherus
1474 848 1733 909 potestate,
1785 847 1834 892 ut
1885 847 2101 905 quondm
2133 861 2221 912 pro
2254 843 2484 895 interdum

297 925 469 975 dictum
504 927 583 985 sit,
612 941 706 976 non
742 924 921 975 memini
959 939 1128 975 vocem
1161 923 1270 973 alibi
1304 926 1392 973 nini
1425 922 1548 991 apud
1583 930 1749 991 poetas
1783 922 1974 989 legere3
2022 931 2115 975 tum
2149 943 2382 988 quoquam,
2418 941 2483 975 ex

296 1022 391 1072 quo
426 1008 655 1074 scriptura
689 1005 770 1054 illa
805 1005 947 1054 ducta
981 1010 1071 1066 est,
1102 1007 1250 1072 ipsum
1277 1022 1436 1073 parum
1469 1005 1580 1054 fidei
1614 1006 1771 1068 habet,
1806 1005 2176 1071 quandoquidem
2213 1006 2317 1056 sola
2334 1005 2484 1055 Turi-

298 1089 470 1148 censis‚
506 1103 642 1153 quem
677 1086 827 1137 altera
860 1103 1021 1136 manus
1056 1090 1280 1148 correxit,
1316 1091 1368 1136 et
1401 1085 1605 1137 fortasse
1646 1086 2012 1153 Bambergensis
2060 1088 2332 1137 auctoritate
2368 1104 2481 1137 sus-

295 1172 510 1218 tentatur.
580 1166 744 1217 Turic.
778 1184 877 1218 sec.
911 1187 969 1216 m.
1005 1187 1190 1230 quoque,
1223 1168 1355 1218 Flor.
1392 1185 1474 1227 quo
1496 1185 1593 1228 que,
1630 1168 1718 1218 sed
1752 1186 1809 1217 m.
1844 1184 1944 1218 sec.
1979 1182 2084 1217 cum
2114 1166 2303 1233 reliquis
2339 1167 2480 1218 codd.

293 1251 466 1315 insigni
503 1264 740 1299 consensu
773 1253 984 1311 quade-ms
1030 1249 1231 1300 Reiecta
1247 1247 1525 1298 Frotscheri
1560 1250 1842 1311 coniectura,
1878 1248 2010 1299 simul
2047 1251 2183 1299 etiam
2217 1247 2483 1300 deserenda

293 1331 530 1381 videbitur
564 1329 760 1396 vulgata
794 1348 1032 1393 «piusquam,
1079 1347 1213 1396 quam
1247 1333 1289 1379 si
1323 1327 1643 1381 Gernhardius
1678 1332 1742 1379 ita
1776 1333 2129 1399 interpretatur,
2167 1335 2216 1380 ut
2247 1339 2479 1392 poetarum

293 1418 446 1461 mente
482 1412 786 1478 supplendum
822 1412 961 1471 dicat,
998 1427 1171 1461 vereor
1204 1428 1266 1461 ne
1300 1410 1620 1475 Quintilianus,
1655 1428 1789 1475 quum
1824 1428 1943 1460 unus
1967 1411 2132 1475 aliquis
2168 1427 2233 1460 ex
2267 1412 2480 1460 omnibus

292 1507 419 1543 voce
454 1509 671 1554 quoquam
704 1508 796 1542 non
842 1494 993 1560 possit
1011 1507 1120 1541 ¹non
1150 1491 1372 1557 intelligi,
1416 1490 1629 1556 quiddam
1675 1490 1868 1553 dixerit,
1910 1491 1972 1541 de
2007 1506 2098 1556 quo
2135 1506 2196 1540 ne
2230 1493 2276 1539 in
2313 1507 2477 1542 somno

291 1572 473 1638 quidem
526 1574 809 1638 cogitasset,
857 1575 1052 1622 omnium
1104 1577 1343 1639 poetarum
1377 1571 1713 1622 Archilochum
1755 1572 1950 1620 infimum
1995 1572 2156 1620 fuisse.
2227 1571 2475 1621 Postremo

291 1653 399 1701 nihil
424 1656 573 1718 magis
598 1653 658 1701 ad
684 1653 837 1702 locum
864 1653 1205 1719 expediendum
1227 1654 1497 1702 coniectura
1531 1652 1716 1701 confert
1745 1650 1972 1702 Censoris
2001 1651 2238 1699 cuiusdam
2264 1651 2475 1716 Paedag.

289 1733 399 1802 phil.
445 1732 760 1783 Litteraturbl.
817 1721 963 1784 182⁷.
1015 1732 1149 1782 Sect.
1196 1732 1257 1781 ΙΙ.
1292 1732 1391 1783 No.
1432 1731 1514 1781 27.
1549 1750 1592 1799 p.
1629 1731 1747 1792 238,
1791 1748 1877 1799 pro
1912 1735 2031 1794 quod
2058 1748 2274 1792 quoquam
2310 1734 2473 1798 reponi

287 1814 486 1863 iubentis
521 1818 752 1876 quidquid,
791 1820 1024 1881 potestate
1059 1813 1292 1874 adverbii,
1329 1814 1455 1879 quod
1493 1830 1585 1879 quo
1621 1813 1760 1864 modo
1797 1820 1926 1863 recte
1961 1813 2061 1862 fieri
2094 1815 2268 1879 possit,
2321 1811 2477 1862 fateor

284 1910 358 1943 me
402 1911 495 1943 non
541 1898 825 1962 perspicere.
894 1895 1020 1944 Illud
1054 1910 1172 1944 vero
1206 1896 1353 1961 ipsum
1389 1900 1553 1953 minor,
1606 1897 1650 1943 ἰιι
1687 1911 1778 1959 quo
1813 1910 1946 1943 nemo
1983 1892 2135 1941 adhuc
2172 1892 2392 1952 offendit,
2447 1912 2475 1942 a

284 1979 552 2043 suspicione
587 1976 781 2027 liberum
816 1994 910 2028 non
945 1982 1033 2027 est.
1104 1974 1246 2036 Quod
1298 1977 1337 2024 si
1381 1979 1445 2026 ita
1489 1977 1775 2043 interpretati
1810 1980 1944 2034 sunt,
1999 1981 2048 2022 ut
2090 1972 2380 2039 intelligatur
2415 1992 2477 2037 -qe

282 2061 403 2117 ipso,
439 2059 486 2107 id
521 2075 614 2108 non
651 2059 802 2108 solum
837 2058 995 2107 durius
1026 2056 1200 2106 dictum
1237 2062 1335 2117 est,
1386 2056 1473 2106 sed
1528 2055 1853 2106 consuetudini
1897 2054 2204 2115 adversatur,
2256 2073 2388 2121 quam
2423 2059 2471 2106 in

284 2137 379 2186 hoc
414 2154 595 2203 genere
631 2139 850 2205 loquendi
884 2139 1061 2187 Fabius
1098 2145 1284 2198 servat,
1328 2141 1403 2203 qui
1439 2154 1533 2202 quo
1569 2138 1734 2203 aliquis
1769 2140 1916 2186 minor
1952 2141 2033 2198 sit,
2088 2153 2191 2185 eum
2225 2135 2477 2202 designare

284 2236 376 2267 non
413 2220 634 2284 negligit,
696 2221 841 2270 veluti
894 2228 940 2279 5.
970 2219 1053 2270 74.
1125 2220 1246 2268 Τιιιιι
1290 2218 1401 2269 vide
1446 2221 1492 2267 in
1539 2218 1703 2268 eadem
1752 2222 1984 2269 sententia
2031 2236 2162 2283 quam
2204 2218 2339 2267 aliter
2373 2222 2475 2285 ipse

285 2299 494 2347 maluerit
530 2299 705 2360 dicere,
741 2309 786 2360 ς.
825 2300 954 2348 103:
991 2306 1037 2347 in
1076 2304 1334 2360 quibusdam
1368 2305 1462 2346 suis
1496 2305 1591 2359 ipse
1639 2303 1800 2346 viribus
1834 2305 1986 2346 minor.
2056 2299 2229 2361 Neque
2272 2297 2471 2362 denique

287 2380 432 2428 minor
477 2382 517 2427 si
561 2378 727 2429 dicitur
765 2380 1102 2441 Archilochus,
1136 2386 1335 2446 possunt
1370 2378 1566 2444 intelligi
1601 2381 1749 2428 ceteri
1781 2378 1875 2429 duo
1912 2378 2162 2428 iamborum
2201 2379 2470 2443 scriptores,

285 2461 446 2525 quibus
482 2464 626 2512 minor
659 2461 822 2521 fuerit,
875 2464 1043 2529 quippe
1094 2476 1211 2526 quos
1262 2476 1397 2510 nemo
1443 2477 1651 2525 umquam
1687 2460 1979 2510 Archilocho
2016 2460 2344 2524 anteposuerit.
2415 2457 2471 2506 In

283 2540 377 2591 hoc
413 2558 612 2593 caussae
649 2548 771 2591 statu
805 2551 915 2593 ante
950 2545 1101 2593 omnia
1136 2540 1462 2606 quaerendum,
1508 2540 1616 2606 quid
1666 2541 1713 2589 id
1749 2545 1810 2591 sit
1845 2542 1968 2607 quod
2004 2538 2267 2604 quibusdam
2302 2554 2470 2604 repre-

285 2621 577 2671 hendendum
615 2626 660 2671 in
696 2623 993 2672 Archilocho
1029 2626 1177 2672 visum
1213 2625 1296 2669 sit:
1334 2621 1458 2687 quod
1494 2638 1645 2671 nexus
1680 2623 1930 2671 verborum
1982 2619 2163 2667 abunde
2198 2618 2341 2667 docet
2377 2635 2471 2668 non

284 2717 429 2767 posse
463 2718 557 2751 non
594 2719 658 2753 ex
691 2706 748 2752 iis
782 2706 955 2769 repeti,
991 2719 1111 2767 quae
1155 2702 1295 2752 modo
1339 2701 1401 2750 de
1444 2704 1730 2768 proprietate
1783 2702 2060 2751 elocutionis
2112 2698 2470 2748 Archilocheae

283 2784 496 2846 apposita
530 2790 652 2833 sunt.
723 2783 874 2850 Igitur
906 2785 946 2832 si
982 2783 1166 2848 quando
1201 2785 1348 2831 minor
1383 2783 1532 2832 fuisse
1568 2780 1814 2842 diceretur,
1859 2779 2164 2839 statuendum,
2216 2782 2262 2827 in
2300 2794 2468 2845 repre-

283 2859 554 2911 hensionem
591 2863 698 2914 ideo
730 2880 834 2913 eum
867 2865 1137 2924 incurrisse,
1190 2862 1315 2928 quod
1350 2879 1380 2910 a
1414 2865 1463 2912 vi
1497 2862 1579 2910 illa
1613 2862 1889 2910 elocutionis
1941 2875 2275 2923 nonnumquam
2329 2858 2469 2908 defe-

283 2942 451 2990 cisset:
487 2943 612 3007 quod
647 2944 894 2994 absurdum
931 2950 1016 2994 est.
1085 2945 1229 2994 lmmo
1265 2949 1458 2994 veteres
1494 2944 1713 3008 magistri,
1756 2958 1944 3006 quorum
1979 2941 2240 2990 testimonia
2274 2939 2472 3003 collegit

284 3019 532 3071 Liebelius
565 3024 627 3074 ad
661 3026 842 3077 Archil.
878 3025 930 3074 fr.
966 3044 1010 3094 p.
1046 3024 1129 3086 37,
1164 3027 1209 3073 in
1229 3023 1525 3075 Archilocho
1551 3023 1696 3088 longe
1726 3021 1850 3071 aliud
1885 3019 2100 3087 quiddam
2135 3022 2470 3088 vituperamnt,

283 3103 465 3151 nimium
498 3106 770 3156 acerbitatis
804 3111 934 3158 virus
970 3114 1018 3156 et
1051 3109 1386 3175 procacitatem
1419 3122 1549 3170 quam
1584 3108 1631 3153 in
1666 3102 1931 3168 eloquendo
1969 3101 2229 3162 effudisset,
2263 3107 2314 3150 ut
2347 3100 2470 3150 adeo

287 3192 557 3248 argumenta
609 3189 667 3237 ab
707 3205 783 3239 ‘eo
815 3195 1010 3239 tractata
1044 3205 1074 3237 a
1107 3187 1366 3245 nonnullis,
1409 3186 1554 3236 veluti
1589 3200 1625 3234 a'
1649 3183 1923 3245 Plutarcho,
1960 3183 2252 3251 reprehensa
2286 3183 2468 3232 fuerint.

286 3263 451 3328 Itaque
486 3269 586 3315 iure
621 3273 981 3336 exspectaveris
1016 3269 1338 3328 Quintilianum
1376 3267 1478 3316 fere
1511 3266 1757 3326 dicentem,
1787 3265 1915 3331 quod
1949 3264 2227 3331 quandoque
2258 3263 2470 3312 acerbior

2111 3345 2173 3386 2*
