3040 3729
1220 342 1561 393 ...17-

291 484 533 555 probando
566 483 650 536 ilio
686 481 969 537 emuncti
999 487 1453 547 mammonam
1485 484 1760 549 praesertim
1782 480 1905 532 nihil
1937 480 2172 550 impediat,
2204 499 2300 548 quo
2333 486 2488 539 minus

290 578 395 619 uta-r
423 569 600 629 quiden·
650 562 911 630 scribamus
924 599 939 624 ‚
983 561 1079 615 fide
1122 561 1341 616 oudinum
1376 565 1534 625 ..ff-tis,
1576 568 1628 612 ut
1667 562 1880 626 videtur,
1914 566 2134 615 munitum
2168 567 2218 612 et
2252 566 2486 614 sententia

291 650 472 704 minime
498 645 746 700 obseura..
792 643 959 698 vebo
978 647 1181 709 ’,ἐφείω
1210 642 1412 711 firman-⁴
1437 642 1670 694 Graecam
1711 647 1967 708 Euripiden
1998 644 2085 694 sub
2126 642 2307 694 calcem
2341 641 2481 693 huius

291 737 343 788 s.
370 745 437 778 ex
468 726 700 788 'ramma
732 723 1026 777 Frotsehm
1060 729 1515 785 recten-evocatam,
1545 738 1684 788 cums
1713 725 1830 776 loco
1875 724 2202 788 Gemhardius
2236 724 2483 789 vulgarem

290 812 509 871 restituit,
537 807 603 863 de
625 808 841 872 ‚genuina
857 805 1040 858 borum
1069 808 1306 858 nominum
1333 806 1578 871 scriptura
1607 805 1733 872 apud
1751 806 2081 866 Quintilianum
2114 823 2211 856 non
2238 805 2486 857 sollicitus.

291 890 543 946 Turicensi
584 892 739 945 autem
775 902 845 941 eo
884 888 1032 939 maior.
1070 885 1193 939 fides
1224 884 1441 948 menda
1472 891 1570 947 est,
1613 902 1717 953 quo
1759 886 2009 937 notabilior
2041 887 2201 937 harum
2234 887 2482 939 formarum

290 972 553 1023 constantia
574 972 632 1018 -in
666 983 729 1021 eo
762 973 856 1037 est,
889 967 1119 1034 exemplis
1151 967 1340 1018 idoneis
1372 970 1607 1018 munitaa
1648 968 1857 1034 Meyero
1890 967 1953 1017 ad
1987 967 2029 1029 1,
2065 968 2112 1029 1,
2148 968 2227 1018 15.
2301 966 2480 1034 Neque

290 1050 513 1107 abludunt
547 1044 698 1099 ceteri
731 1047 836 1097 libri
870 1046 1102 1098 meliores.
1173 1045 1251 1097 Cf.
1284 1047 1502 1098 Bonnell.
1536 1049 1661 1101 Lex.
1699 1048 1858 1109 Quint.
1891 1066 1937 1117 p.
1972 1046 2141 1097 XXII.

1309 1192 1356 1244 s.
1393 1184 1473 1234 68.

392 1295 598 1353 Namque
641 1297 682 1339 io
724 1300 770 1338 et
811 1294 859 1338 iu
901 1274 1100 1340 aemonae
1131 1293 1282 1350 [quod
1322 1294 1467 1350 ipsum
1508 1293 1830 1349 reprehendunt
1838 1328 1854 1350 ,
1898 1295 2055 1354 quibus
2097 1295 2294 1352 gravitas
2335 1300 2383 1338 et

393 1376 629 1421 cothurnum
661 1381 707 1418 et
737 1388 870 1419 sonus
906 1371 1143 1429 Sophoclis
1177 1372 1348 1417 videtur
1381 1386 1477 1416 esse
1509 1373 1764 1432 sublimior)
1797 1377 1939 1433 magis
1975 1374 2150 1420 accedit
2181 1374 2374 1431 oratorio

390 1469 552 1512 qenen.

288 1589 567 1658 Principium
601 1584 741 1640 huius
776 1587 886 1649 loci,
924 1588 963 1636 si
994 1585 1055 1636 ad
1098 1588 1325 1652 insignem
1369 1585 1586 1638 lectionis
1628 1590 1899 1639 varietatem
1939 1606 1969 1638 a
2014 1588 2154 1640 codd.
2205 1590 2474 1656 praestitam

289 1672 525 1735 exegeriS,
560 1686 618 1719 an
654 1674 787 1720 recte
822 1670 1119 1719 constitutum
1154 1669 1231 1727 sit,
1265 1681 1446 1717 mecum
1476 1665 1719 1718 dubitabis.
1790 1667 2093 1734 Spaldingius
2125 1668 2186 1719 ad
2232 1687 2314 1720 vv.
2345 1680 2391 1718 et
2423 1673 2471 1717 in

285 1767 484 1799 sermone
518 1748 783 1800 adnotavit:
819 1785 848 1809 ‚,
884 1747 1015 1798 Flcr.
1049 1750 1128 1809 qui
1159 1756 1205 1795 et
1236 1764 1458 1808 sermone,
1508 1764 1539 1797 a
1593 1764 1690 1799 sec.
1726 1766 1782 1798 m.
1817 1758 1861 1797 el
1894 1753 1935 1797 vi
1968 1760 2013 1798 et
2044 1769 2080 1798 s.
2116 1754 2165 1800 et
2199 1752 2270 1800 sic
2306 1750 2473 1800 Turic.

288 1827 448 1897 Camp.
483 1846 585 1880 cum
625 1828 763 1880 Bodl.
812 1827 924 1878 Ald.
995 1828 1220 1880 Omittunt
1264 1832 1312 1879 in
1363 1827 1564 1896 Guelph.
1608 1844 1712 1879 cum
1748 1828 1892 1879 Voss.
1927 1828 1961 1878 2
1996 1835 2044 1879 et
2079 1830 2180 1879 rell.
2215 1830 2325 1881 edd.
2360 1838 2472 1881 aute

285 1911 430 1961 Basil.
459 1928 559 1961 acc.
596 1910 738 1962 Obr.“
809 1907 1033 1958 Omittunt
1076 1914 1122 1958 in
1168 1909 1276 1959 Par.
1327 1909 1385 1970 1,
1438 1919 1482 1957 et
1521 1914 1568 1957 in
1602 1909 1709 1958 Par.
1743 1907 1801 1970 23
1836 1912 1944 1959 item
1979 1917 2025 1959 in
2059 1911 2195 1960 abest
2228 1929 2259 1960 a
2292 1912 2469 1973 Bamb.,

285 1996 333 2042 in
369 2010 460 2058 quo
494 1997 552 2041 iis
585 2009 670 2060 pro
706 1997 747 2040 is
801 1995 1035 2058 scriptum.
1104 1990 1363 2058 Subiungit
1415 1989 1749 2059 Spaldingius:
1802 1991 1893 2053 „Si
1927 2001 2105 2059 posset
2159 1994 2348 2061 probari
2393 1993 2473 2042 hic

284 2078 369 2122 vim
404 2079 451 2123 et
485 2092 727 2122 sermonem
762 2074 848 2137 (cf.
884 2074 932 2134 5,
970 2071 1050 2133 10,
1085 2072 1179 2136 55)
1215 2071 1482 2140 opponendi
1511 2089 1642 2134 usuS,
1679 2073 1890 2140 placeret
1911 2089 2025 2123 saue
2060 2073 2168 2122 talis
2202 2078 2322 2124 ratio
2357 2091 2472 2142 prae

284 2159 491 2221 recepta,
525 2156 572 2201 in
608 2172 699 2220 qua
734 2155 981 2206 scabrities
1016 2160 1091 2206 est
1126 2153 1447 2218 coniungendi
1490 2152 1637 2203 hasce
1680 2153 1981 2203 locutiones:
2016 2165 2061 2203 et
2100 2184 2158 2191 —
2196 2160 2370 2205 accedit
2403 2184 2473 2193 —

283 2245 330 2283 et
363 2264 429 2271 —
464 2224 788 2294 comparandus
835 2240 940 2285 sine
991 2237 1142 2286 verbo
1188 2236 1319 2284 finito
1365 2238 1414 2283 in
1447 2236 1595 2284 altera
1629 2242 1809 2302 parte.“
1876 2237 2044 2285 Recte.
2114 2238 2196 2284 Ne
2230 2238 2384 2297 multa,
2421 2242 2471 2285 in

279 2319 490 2383 promptu
521 2319 595 2363 est
630 2315 892 2368 emendatio
927 2317 1050 2378 loci,
1102 2333 1194 2381 qua
1230 2318 1398 2366 omnia
1441 2332 1561 2382 quae
1607 2315 1850 2367 offendere
1900 2322 2098 2382 possunt
2133 2316 2466 2383 expediuntur,

281 2409 342 2445 eo
395 2399 594 2457 certior,
657 2413 749 2462 quo
796 2397 980 2447 leniore
1032 2395 1265 2446 medicina
1315 2401 1587 2465 apparatur:
1642 2412 1777 2462 quam
1811 2394 1965 2446 debeo
2016 2398 2215 2447 acumini
2269 2397 2465 2465 Iosephi

280 2475 494 2541 Regnier
527 2478 823 2543 Moguntini,
876 2482 956 2545 qui
1002 2495 1139 2544 quum
1182 2477 1307 2526 hunc
1357 2476 1498 2526 Fabii
1531 2475 1686 2525 locum
1720 2479 1772 2529 in
1803 2475 1982 2526 scholis
2017 2476 2271 2527 Seminarii
2304 2478 2465 2544 philo-

280 2554 445 2621 logici,
480 2560 616 2608 cuius
651 2559 893 2627 sodalibus
913 2560 1180 2626 adscriptus
1215 2565 1336 2617 erat,
1371 2561 1537 2626 paucis
1570 2557 1736 2607 abhinc
1769 2560 1904 2606 annis
1945 2563 2182 2619 tractaret,
2215 2564 2463 2625 perspexit

280 2636 531 2701 legendum
567 2655 678 2689 esse
711 2658 898 2702 :iamque
930 2645 1070 2688 verbis
1104 2650 1150 2687 et
1179 2658 1391 2688 sermone.
1459 2639 1539 2691 Ac
1573 2641 1764 2705 primum
1809 2644 2023 2687 notemus
2075 2639 2466 2690 consuetudinem

282 2721 526 2786 scriptoris
560 2727 689 2770 verba
724 2728 771 2772 et
803 2740 1045 2771 sennonem
1081 2725 1220 2770 etiam
1240 2720 1365 2770 alibi
1400 2723 1652 2785 iungentis,
1687 2719 1835 2771 veluti
1872 2720 1939 2781 V,
1976 2720 2055 2780 14,
2092 2720 2174 2769 33.
2244 2724 2464 2772 Sermone

282 2806 434 2850 autem
469 2802 746 2870 intelligitur
780 2796 1013 2870 dialogus,
1047 2822 1140 2870 qua
1172 2809 1410 2871 potestate
1442 2820 1544 2854 vox
1577 2808 1750 2871 passim
1782 2802 1908 2870 apud
1942 2803 2139 2853 Fabium
2172 2803 2330 2854 obvia.
2365 2806 2465 2854 Iam

282 2885 643 2947 meminerimuS,
693 2891 740 2935 in
792 2887 922 2936 nulla
972 2886 1074 2937 fere
1109 2888 1390 2942 auctoritate
1429 2887 1568 2934 niti:1
1592 2894 1685 2934 tum
1716 2889 1857 2953 patet
1908 2884 2056 2935 verba
2090 2894 2136 2933 et
2165 2889 2207 2933 vi
2240 2901 2308 2936 ex
2342 2888 2468 2937 mala

283 2967 581 3016 correctione
617 2973 720 3017 orta
755 2984 897 3019 esse:
933 2967 1102 3035 quibus
1136 2967 1330 3015 sublatis
1349 2968 1496 3017 restat
1529 2983 1715 3028 namque
1748 2969 1805 3025 is,
1840 2964 1967 3030 quod
2001 2968 2236 3017 oscitante
2269 2968 2465 3019 librario

283 3045 424 3095 facile
454 3050 604 3112 potuit
639 3049 829 3115 prodire
865 3065 930 3098 ex
964 3048 1341 3109 NAMQVEIS,
1376 3051 1446 3097 uti
1480 3047 1590 3096 olim
1623 3049 1844 3112 scriptum
1876 3055 2043 3113 putare
2076 3047 2150 3096 fas
2183 3043 2275 3099 estss
2327 3049 2466 3101 Con-

285 3132 374 3193 stat
409 3129 532 3186 enim
564 3128 775 3190 abunde,
819 3147 905 3192 que
937 3132 987 3178 in
1020 3131 1224 3184 vetustis
1270 3127 1615 3197 exemplaribus
1667 3144 1759 3177 una
1791 3127 1948 3178 littera
1983 3127 2027 3191 Q
2063 3136 2305 3181 exaratum
2340 3146 2467 3193 esse,

285 3215 337 3259 ut
369 3207 579 3276 pluribus
615 3209 799 3260 ostendi
837 3209 899 3260 ad
934 3210 1040 3262 Cic.
1074 3209 1137 3262 de
1170 3226 1268 3278 rep.
1303 3198 1356 3278 ps
1382 3210 1483 3260 XV
1527 3214 1575 3260 et
1608 3209 1670 3260 ad
1703 3211 1752 3271 1,
1787 3208 1869 3259 40.
1904 3227 1949 3278 p.
1986 3208 2113 3261 140:
2149 3217 2246 3262 tum
2279 3212 2337 3261 ab
2371 3211 2466 3264 hoc

2135 3294 2163 3335 3
