3040 3729
1280 412 1626 464 ...19-

360 550 684 621 lnexempl’m
716 549 1784 618 haoemusdbtiaquaeottoniscollegae
1817 550 2096 618 diligentiae
2130 551 2304 618 debeo,
2347 561 2554 624 etquae

359 630 1123 702 anget-ipsssuntexzn-ptii
1174 630 1828 696 manill-.‚,Verrl3
1881 631 2001 696 221,
2046 637 2143 685 etsi
2190 638 2553 705 menonfugit

358 714 534 764 nullum
564 727 704 775 esse,
738 711 865 778 quod
899 727 1006 763 cum
1036 729 1098 764 ea
1130 712 1389 764 locutionis
1436 712 1609 776 forma,
1659 712 1726 763 de
1769 729 1860 781 qua
1891 717 2072 783 agitur,
2105 716 2247 785 plane
2281 720 2551 783 conveniat,

359 811 497 863 qun
548 795 826 863 praesertim
875 794 1177 862 inplurimis
1220 792 1499 844 insolentior
1544 793 1796 846 verborum
1847 794 2552 864 ordoexoertisquibnsdam

358 877 543 927 canssm
577 879 723 943 aptus
752 876 839 924 sit.
869 879 1024 926 tanen
1052 874 1148 927 hoc
1181 880 1577 943 certeprsestant
1598 877 1767 937 omnia,
1803 880 1855 925 ut
1874 879 2094 945 postponi
2112 876 2367 945 aliqnando
2400 894 2550 946 posse

355 970 614 1025 pronomen
648 955 900 1006 relativum
935 962 1170 1025 appareat.
1237 954 1296 1008 Si
1342 970 1464 1006 vero
1507 960 1655 1017 inm
1704 972 1791 1019 quo
1838 961 1973 1006 recte
2017 957 2244 1010 collocari
2275 960 2551 1024 negaveris,

355 1039 636 1086 tutissimum
678 1035 912 1088 videbitur
958 1039 1006 1085 in
1065 1036 1273 1088 lectione
1315 1037 1622 1102 antiquiorum
1671 1034 1893 1087 codicum
1938 1039 2176 1089 immutata
2224 1040 2548 1104 acquiescere,

354 1116 401 1167 h.
436 1133 481 1168 e.
513 1122 661 1180 epm
693 1121 836 1179 quod,
888 1119 966 1167 cui
1015 1119 1248 1184 geminum
1278 1122 1357 1167 est
1399 1115 1527 1183 quod
1558 1116 1685 1185 apud
1720 1115 1827 1169 cic.
1860 1118 1955 1186 Ep.
1986 1117 2051 1168 ad
2083 1119 2185 1168 Att.
2218 1119 2358 1181 Vm,
2394 1118 2486 1180 12,-
2511 1117 2547 1168 3

355 1202 536 1249 exstat:
584 1202 852 1259 praesertim
902 1214 1039 1259 quum
1089 1215 1153 1247 eo:
1199 1202 1343 1259 ipsius
1376 1199 1587 1258 Pompeii
1639 1200 1813 1259 litteris,
1845 1202 2269 1260 idemqnodvideo
2306 1208 2348 1247 te
2380 1204 2547 1248 existi-

352 1293 516 1336 masse,
550 1294 638 1326 non
671 1280 925 1337 dubitarim,
960 1282 1066 1339 qum
1098 1283 1192 1329 etc.
1258 1277 1327 1329 Ut
1359 1282 1507 1329 totum
1538 1276 1668 1327 huuc
1698 1277 1857 1329 locum
1884 1278 2029 1346 plane
2048 1278 2367 1341 absolvamus,
2399 1283 2548 1328 restat

351 1361 404 1406 ut
436 1372 573 1422 quum
608 1373 771 1408 rursus
804 1356 944 1409 codd.
977 1357 1138 1409 Turic.
1173 1363 1222 1409 et
1255 1357 1392 1408 Flor.
1435 1360 1724 1418 reprehendet
1757 1358 2036 1419 exhibeant,
2089 1358 2216 1423 quod
2249 1375 2347 1411 nou
2381 1363 2548 1426 potest

351 1453 448 1487 non
482 1452 594 1488 esse
626 1434 751 1487 falso
785 1439 1013 1504 scriptum
1045 1455 1133 1504 pro
1166 1441 1499 1498 reprehendent,
1533 1435 1584 1486 id
1626 1437 1903 1489 admoneam
1953 1441 2205 1503 quominus
2257 1442 2547 1505 recipiamus

350 1515 525 1568 nullam
560 1531 779 1567 caussam
813 1520 1006 1569 omnino
1043 1516 1246 1568 obstare.
1313 1515 1463 1567 Immo
1505 1515 1665 1568 futuro
1703 1534 1877 1569 revera
1928 1518 2042 1569 olim
2074 1517 2235 1569 locum
2269 1517 2351 1569 bic
2386 1517 2546 1567 datum

348 1597 526 1661 fuisse,
567 1597 711 1649 valde
761 1599 815 1649 fit
864 1597 1115 1668 probabile
1149 1615 1238 1660 en,
1273 1596 1403 1665 quod
1434 1598 1495 1648 ab
1523 1597 1693 1650 iisdem
1723 1599 1863 1650 codd.
1905 1606 2018 1668 post
2051 1603 2286 1650 sublimior
2315 1602 2545 1650 inseritur

349 1685 449 1739 erit,
484 1678 614 1745 quod
648 1679 837 1745 quidem
872 1699 904 1731 a
940 1680 1195 1732 verborum
1228 1685 1483 1740 contextu,
1518 1684 1587 1730 uti
1621 1696 1748 1730 nunc
1782 1685 2068 1731 constitutus
2103 1684 2154 1729 in
2180 1681 2302 1730 Mss.
2348 1681 2542 1746 legitur,

348 1760 576 1821 alienum,
623 1759 949 1811 demonstrare
998 1766 1155 1811 tamen
1189 1758 1403 1821 videtur,
1437 1766 1586 1811 totum
1629 1759 1789 1812 locum
1824 1761 1923 1812 alia
1953 1762 2108 1812 forma
2143 1761 2256 1812 olim
2290 1762 2542 1825 vulgatum

346 1840 524 1903 fuisse,
576 1848 629 1891 ut
663 1859 760 1893 non
810 1857 985 1894 verear
1018 1840 1305 1909 adstipulari
1336 1843 1618 1906 Herzogio,
1671 1846 1851 1909 scripto
1884 1845 2202 1904 reprehendent
2235 1847 2284 1891 et
2321 1841 2542 1907 expulsis

346 1921 510 1972 verbis
542 1925 711 1970 videtin
745 1939 866 1980 esee,
919 1925 968 1970 in
1011 1926 1287 1972 contextum
1331 1925 1420 1968 erit
1466 1925 1619 1989 recipi
1670 1922 1863 1972 iubenti.
1932 1922 2085 1973 Nova
2136 1922 2228 1968 iam
2261 1920 2352 1969 hac
2385 1919 2542 1970 forma

344 2006 474 2050 totus
524 2000 666 2051 locus
708 2002 894 2069 prodit:
945 2003 1159 2064 Namque
1191 2006 1332 2050 verbis
1376 2011 1423 2050 et
1461 2018 1665 2052 sermone
1703 2009 1817 2065 (quo
1862 2007 2035 2063 ipsum·
2059 2001 2168 2066 [vel
2201 2005 2352 2061 ipsum
2387 2002 2538 2067 quod]

342 2085 680 2141 reprehendent,
730 2088 887 2144 quibua
934 2088 1126 2145 gravitas
1167 2093 1214 2131 et
1274 2085 1511 2133 codun-maa
1552 2093 1599 2131 et
1664 2100 1799 2131 souma
1852 2084 2089 2143 Sophoclis
2133 2084 2365 2129 sublimior
2424 2086 2538 2143 erit]

343 2164 489 2224 maffia
538 2165 712 2211 accedit
745 2167 937 2212 oratorio
977 2166 1139 2225 yeneri.

438 2268 487 2314 in
516 2266 751 2331 affectibus
781 2285 883 2316 vero
919 2284 1022 2317 oum
1058 2270 1262 2317 omnibus
1295 2270 1453 2326 minis,
1492 2276 1586 2316 mm
1613 2270 1661 2315 in
1694 2270 1767 2324 iis,
1802 2270 1879 2327 qm·
1900 2269 2185 2315 miseratione
2216 2275 2432 2323 constant,

442 2349 586 2408 facile
612 2351 899 2409 praecipium.

340 2449 458 2500 Non
502 2449 713 2515 debebat,
753 2448 1075 2501 Frotscherus
1109 2454 1157 2499 in
1190 2451 1597 2518 praepositionem
1631 2452 1742 2498 ante
1772 2449 2053 2496 miseratione
2107 2462 2172 2497 ex
2224 2446 2366 2497 codd.
2417 2446 2535 2497 licet

341 2530 507 2580 Tus-ic.
561 2535 612 2580 et
654 2530 789 2582 Ποῖ.
833 2545 1083 2581 revocare.
1151 2530 1275 2580 Eam
1318 2528 1536 2597 repudiat
1577 2527 1718 2578 verbi
1763 2535 1964 2576 constare
2005 2542 2121 2574 usus
2165 2525 2533 2587 Quintilianeus.

339 2609 516 2677 Neque
547 2609 844 2671 Frotschero
873 2615 1030 2679 paruit
1081 2610 1424 2662 Geruhardius.
1504 2610 1740 2660 Fortasse
1785 2606 1898 2658 olim
1947 2609 2173 2672 scriptum
2222 2607 2366 2656 fuerit
2399 2626 2531 2676 eom-

340 2695 650 2751 mieeratione,
685 2695 806 2756 nisi,
857 2691 985 2760 quod
1017 2692 1196 2755 malim,
1243 2698 1293 2743 in
1342 2696 1496 2743 ortum
1529 2690 1667 2741 dicas
1702 2705 1764 2740 ex
1798 2687 1957 2738 littera
1990 2704 2040 2735 m
2072 2689 2215 2738 vocis
2246 2693 2533 2743 miseratione

339 2771 463 2822 male
495 2774 710 2839 repetita.

879 2966 890 2974 ·
1255 2905 1301 2958 s.
1330 2897 1400 2947 68
1435 2904 1488 2948 et
1519 2895 1600 2947 69.

441 3004 581 3063 facile
632 3008 913 3065 praeeipuam.
969 3004 1102 3052 Ηωιε
1131 3001 1469 3070 [Euripidem]
1504 3010 1549 3050 et
1575 3002 1823 3051 adrniratus
1855 3002 2061 3048 maa-ime
2093 3006 2176 3057 eet,
2208 3007 2262 3047 ut
2296 3014 2433 3059 saepe

447 3090 644 3142 testatur,
674 3092 721 3133 et
751 3092 944 3143 secunao,
978 3099 1231 3161 quamquam
1265 3088 1314 3132 in
1347 3100 1481 3145 opere
1513 3085 1698 3139 diverso,
1726 3080 1988 3129 Menander.

341 3187 518 3240 Manus
550 3185 693 3238 Fabii
728 3204 926 3256 prorsus
962 3187 1061 3238 alia
1086 3186 1241 3240 fuisse
1270 3186 1465 3241 videtur
1500 3202 1638 3252 quam
1671 3197 1796 3250 quae
1826 3200 1858 3233 a
1881 3180 2191 3250 Spaldingio,
2219 3181 2533 3247 Frotscliero,

344 3266 647 3322 Gernhardio
707 3282 942 3340 expressa
984 3274 1091 3321 est:
1135 3284 1258 3336 quos
1291 3269 1355 3322 de
1402 3265 1674 3337 corruptela
1706 3268 1975 3335 scripturae
2010 3264 2255 3389 vulgat?
2276 3264 2533 3319 advertere
