3040 3729
1292 279 1637 330 —14—

365 409 515 486 μεᾲης.
600 418 762 485 Atque
815 419 951 468 etiam
997 419 1265 469 Demetrius
1316 416 1380 469 de
1432 417 1603 468 elocut.
1654 424 1702 477 s.
1746 416 1815 468 36
1859 418 2083 484 γλαφυρὸν
2121 422 2255 488 λόγον
2300 430 2350 475 et
2395 425 2559 491 ἰσχνὸν,

365 498 409 548 h.
446 513 490 549 e.
537 504 746 561 tenuem,
795 511 1128 564 nonnumquam
1180 500 1362 549 misceri
1415 498 1540 548 dicit.
1610 495 1837 549 Ceterum
1889 496 2015 562 quod
2068 497 2146 550 hic
2198 501 2367 554 dicitur
2390 533 2395 538 -
2415 520 2558 552 semo

360 585 586 644 proprius,
623 581 756 631 cuius
790 578 904 629 loco
940 577 1246 646 Spaldingius
1282 583 1647 647 exqiectaverat
1681 581 1896 628 sermonis
1921 582 2253 643 proprietatem,
2288 583 2335 634 id
2369 583 2556 635 techni-

364 675 525 712 corum
571 657 836 729 praeceptis
880 663 1260 709 consentaneum.
1358 659 1436 709 De
1490 660 1631 725 ἰσχνῷ
1672 672 1853 724 genere
1905 657 2124 724 loquendi
2176 663 2241 711 ita
2293 664 2556 715 Demetrius

363 748 411 803 S.
446 741 574 791 194:
609 741 691 808 τὴν
723 739 771 788 δὲ
802 740 925 795 λέξιν
956 739 1066 789 εἶναι
1091 749 1232 789 πᾶσαν
1265 738 1351 806 χρὴ
1380 741 1529 805 κυρίαν
1566 739 1637 787 καὶ
1675 740 1861 807 συνήθη.
1902 738 2152 806 μκρότιρον
2187 744 2270 811 γὰρ
2317 744 2369 794 τὸ
2415 763 2555 811 συνη-

363 824 573 889 θέστερον
606 823 809 870 πάντων·
849 820 900 870 τὸ
927 820 975 869 δὲ
1012 822 1238 888 ἀσύνηθες
1270 820 1340 869 καὶ
1379 820 1767 886 μετενηνεγμένον,
1804 822 2148 886 μεγαλοπρεπές.
2220 825 2380 893 Atque
2415 842 2556 892 μεγα-

361 904 625 969 λοπρεπείαν
660 918 824 950 rursus
860 902 1117 967 Dionysius
1152 900 1248 950 alio
1282 900 1408 961 loco,
1447 916 1579 965 quem
1614 899 1921 966 Spaldingius
1957 903 2198 963 excitavit,
2250 920 2279 952 a
2314 905 2555 954 Simonide

360 981 568 1032 abfuisse
604 986 813 1032 testatur.

724 1090 969 1145 praecipua
1005 1094 1148 1131 tamen
1183 1090 1278 1133 eius
1318 1088 1366 1132 in
1400 1088 1705 1134 commovenda
1744 1087 2023 1132 miseratione
2057 1088 2193 1132 virttis

360 1222 550 1282 „Tui-ic
586 1222 717 1272 Flor.
753 1221 857 1285 (hic
892 1239 922 1270 a
954 1239 1022 1289 pr.
1058 1225 1142 1284 m.)
1180 1238 1218 1269 c.
1256 1226 1560 1270 miserationis.
1630 1222 1719 1271 llle
1755 1238 1785 1268 a
1830 1236 1927 1270 sec.
1975 1238 2030 1268 m.
2078 1227 2380 1271 commovendo
2414 1228 2550 1272 mise-

356 1306 555 1360 rationis,
593 1308 643 1351 et
671 1303 742 1350 sic
778 1300 940 1369 Camp.
977 1301 1146 1351 Facile
1182 1303 1396 1367 corrigas
1430 1305 1729 1350 miserationes
1735 1316 1752 1360 ;
1789 1300 1876 1350 sed
1912 1304 2130 1351 contorta
2165 1304 2359 1352 orati0.“
2414 1305 2550 1353 Haec

357 1381 677 1450 Spaldingius,
713 1384 790 1447 qui
826 1384 1000 1433 ceteris
1036 1381 1292 1432 editoribus
1326 1385 1390 1431 ita
1425 1384 1681 1450 persuasit,
1735 1388 1784 1431 ut
1820 1396 1921 1431 eam
1968 1383 2227 1449 scripturae
2279 1385 2551 1434 varietatem

356 1480 417 1513 ne
446 1465 887 1513 commemoratione
933 1462 1118 1528 quidem
1166 1462 1349 1529 dignam
1405 1466 1721 1512 existimarint.
1792 1462 1980 1512 Habent
2015 1477 2131 1512 saue
2168 1463 2310 1512 verba
2345 1468 2391 1512 in
2425 1482 2549 1513 com-

354 1546 562 1591 movendo
596 1546 900 1590 miserationes
944 1558 1037 1607 quo
1073 1543 1372 1611 displiceant,
1422 1546 1599 1594 minime
1645 1558 1765 1594 vero
1808 1541 1868 1592 ob
1915 1543 2276 1593 constructionis
2313 1545 2549 1604 rationem,

356 1640 490 1689 quam
526 1629 789 1672 contortam
831 1624 1087 1672 orationem
1134 1639 1229 1689 ego
1283 1641 1375 1673 non
1439 1624 1794 1691 appellaverim,
1857 1639 1994 1687 quum
2054 1625 2326 1688 praesertim
2386 1622 2547 1672 eadem

354 1703 576 1768 loquendi
613 1702 759 1751 forma
794 1704 930 1751 etiam
965 1702 1072 1751 alibi
1111 1703 1287 1753 Fabius
1324 1720 1436 1753 usus
1473 1707 1546 1764 sit,
1582 1703 1729 1754 veluti
1765 1701 1857 1761 ΙΙΙ,
1894 1701 1942 1761 8,
1979 1700 2072 1751 39:
2111 1705 2350 1751 obiiciendo
2376 1706 2547 1763 aliquos

354 1793 512 1834 metus.
586 1781 725 1843 Quod
780 1781 1040 1849 exemplum
1095 1798 1197 1833 eum
1252 1783 1354 1833 aliis
1407 1784 1666 1834 Bonnellus
1717 1783 1842 1833 Lex.
1897 1780 2087 1843 Quintil.
2142 1800 2186 1849 p.
2223 1781 2436 1844 LXVII,
2471 1783 2547 1832 ubi

354 1866 569 1932 scriptori
605 1862 682 1912 hic
718 1864 948 1930 participii
985 1881 1098 1913 usus
1135 1864 1410 1925 vindicatur,
1442 1864 1674 1933 produxit.
1744 1862 1889 1913 Adde
1933 1861 2051 1912 iufra
2090 1871 2137 1924 s.
2182 1863 2278 1915 84:
2317 1867 2545 1925 probando

348 1963 463 2008 quae
496 1949 787 1992 instituerant.
860 1942 964 1994 Sed
1001 1944 1220 2012 displicet
1248 1945 1442 2011 pluralis
1474 1950 1801 2002 miserationes,
1846 1960 1932 2011 per
1966 1961 2021 1995 se
2067 1961 2159 1994 non
2195 1943 2545 2011 vituperandus,

350 2031 544 2094 propter
595 2023 881 2091 significatus
927 2027 1253 2092 proprietatem
1274 2064 1286 2088 ,
1344 2024 1712 2093 quandoquidem
1782 2040 1842 2075 eo
1913 2041 2004 2075 nou
2074 2025 2273 2075 affectus
2332 2026 2379 2074 in
2444 2016 2547 2073 aliis

350 2108 580 2165 commoti,
617 2103 703 2153 sed
734 2107 956 2166 rationes,
992 2107 1158 2171 quibus
1186 2107 1244 2175 ad
1282 2107 1647 2159 commovendos
1680 2107 1870 2157 aliorum
1907 2109 2082 2156 animos
2111 2109 2293 2167 utimur,
2327 2123 2386 2156 eo
2417 2111 2548 2156 certe

351 2187 461 2236 loco
492 2186 615 2243 solo,
642 2202 734 2251 quo
767 2186 959 2252 pluralis
988 2186 1142 2236 adbuc
1174 2195 1388 2254 repertus
1418 2195 1505 2250 est,
1540 2188 1873 2255 significantur,
1910 2185 2159 2237 Ciceronis
2188 2187 2317 2236 Brut.
2349 2187 2431 2247 21,
2455 2185 2546 2236 32:

350 2278 401 2315 ut
432 2271 801 2324 miserationibus,
837 2276 888 2314 ut
921 2272 1218 2316 communibus
1251 2271 1358 2317 locis
1389 2279 1597 2318 uteretur.
1669 2269 1844 2333 Neque
1882 2268 2016 2316 aliam
2051 2269 2144 2317 vim
2179 2267 2370 2335 pluralis
2399 2268 2548 2324 vocis,

353 2348 412 2396 ad
449 2347 656 2396 similium
692 2347 951 2411 analogiam
988 2350 1026 2396 si
1065 2350 1294 2413 exigitur,
1341 2348 1516 2400 habere
1570 2354 1739 2415 potest.
1812 2348 1928 2396 Rem
1974 2349 2113 2412 igitur
2159 2348 2279 2397 malo
2315 2350 2360 2395 in
2397 2344 2548 2394 medio

353 2429 636 2493 relinquere,
674 2445 809 2494 quum
845 2430 1114 2494 praesertim
1153 2430 1291 2477 etiam
1328 2429 1571 2494 Bamberg.
1608 2431 1903 2477 miserationis
1938 2428 2110 2477 offerre
2145 2427 2515 2477 animadvertam.
2600 2488 2605 2492 .

1359 2576 1409 2627 s.
1447 2567 1529 2614 65.

459 2709 656 2768 Antiqua
691 2709 917 2753 comoedia
952 2724 1053 2754 cum
1087 2710 1304 2754 sinceram
1337 2709 1464 2753 illum
1498 2710 1711 2753 sermonis
1756 2708 1896 2753 Attici
1946 2710 2136 2765 qratiam
2179 2720 2319 2765 prope
2353 2704 2450 2749 solu

457 2792 617 2836 retinet
626 2824 641 2845 ,
691 2795 783 2832 tum
832 2788 1182 2846 facundissimae
1230 2789 1469 2843 libertatis,
1514 2790 1597 2833 etsi
1631 2795 1699 2833 est
1741 2790 2009 2833 insectandis
2043 2790 2158 2832 vitiis
2189 2786 2447 2845 praecipua,

456 2870 696 2928 plurimum
733 2875 878 2913 tamen
912 2870 1068 2913 virium
1103 2872 1235 2913 etiam
1270 2871 1314 2914 in
1349 2871 1509 2914 ceteris
1540 2869 1743 2927 partibus
1777 2869 1917 2912 habet.

356 3008 430 3056 Ita
475 3004 657 3071 quidem
703 3009 810 3071 post
853 3004 974 3053 alios
1015 3001 1345 3070 Spaldingius,
1401 3003 1488 3052 sed
1535 3002 1667 3051 simul
1707 3003 1878 3052 monito
1913 3001 2122 3063 lectore,
2176 2999 2328 3049 scabri
2364 2996 2470 3063 quid
2506 2999 2552 3045 in

355 3089 445 3137 hac
491 3086 738 3136 verborum
786 3087 1139 3135 constructione
1182 3087 1341 3134 inesse
1388 3083 1473 3130 sibi
1527 3084 1709 3143 videri,
1762 3082 1889 3147 quod
1923 3099 2059 3133 nemo
2094 3084 2171 3147 qui
2205 3081 2358 3128 locum
2394 3078 2551 3145 paullo

357 3171 579 3219 attentius
609 3168 961 3224 examinaverit,
995 3164 1278 3213 diffitebitur.
1350 3162 1442 3214 Cui
1472 3167 1585 3213 vitio
1621 3163 1836 3213 tollendo
1873 3166 2066 3229 egregia
2102 3161 2331 3210 succurrit
2362 3158 2548 3208 Wolffii
