3040 3729
1453 268 1795 317 —12—

523 415 665 474 atque
701 408 972 478 impudicior
1006 411 1079 470 sit,
1115 411 1162 461 id
1196 410 1430 470 natoriae,
1466 424 1558 458 non
1597 408 1769 473 ingenii
1805 408 1964 456 vitium
1999 422 2124 458 esse.
2177 409 2313 458 Haec
2345 408 2577 458 sententia
2606 413 2716 456 ten-

527 489 716 540 tandum
752 496 823 551 ut,
859 492 899 539 si
933 489 1033 540 fieri
1069 495 1250 558 potest,
1295 505 1360 539 ex
1394 494 1620 539 contextu
1651 487 1899 537 verborum
1944 489 2049 553 ipso
2095 488 2338 538 efficiatur.
2406 488 2484 538 Ac
2529 490 2717 554 primum

531 570 702 621 nullam
758 569 902 621 video
955 584 1169 619 caussam
1230 568 1355 634 quod
1414 568 1705 635 plurimorum
1766 569 2129 633 optimorumque
2186 568 2400 620 librorum
2445 569 2717 635 scripturam

533 655 709 713 quidem
743 664 1066 718 aspernemur:
1101 666 1193 715 qua
1226 649 1431 699 admissa
1444 646 1631 710 ,facilior
1663 647 1816 698 aditus
1849 647 2027 713 patebit
2057 648 2119 697 ad
2155 648 2482 715 corrigendum
2510 647 2558 696 id
2592 646 2717 713 quod

529 737 695 798 aperte
728 732 773 779 in
808 731 924 780 vitio
956 730 1112 790 cubat,
1149 730 1193 780 h.
1229 747 1271 782 e.
1302 734 1458 787 minor,
1493 745 1557 779 ex
1592 745 1685 793 quo
1719 730 1759 776 si
1779 727 2109 794 praecedentis
2145 732 2281 780 vocis
2308 730 2505 779 litteram
2524 722 2715 796 postre-

531 827 646 860 mam
679 809 995 870 adsumamus,
1039 828 1131 861 non
1178 813 1430 876 negaveris
1464 809 1699 857 lenissima
1729 810 1978 857 mutatione
2012 809 2201 874 prodire
2231 815 2451 869 imm’tior,
2498 811 2582 860 vel
2625 814 2715 859 im-

529 894 698 948 mitior,
753 905 872 954 quae
909 906 1010 941 vox
1045 893 1086 939 si
1122 908 1206 958 pro
1242 907 1294 940 re
1329 890 1479 939 lenior
1511 888 1751 948 videatur,
1786 889 1946 952 cogita
1978 887 2172 938 Fabium
2209 892 2285 956 qui
2320 907 2384 942 ex
2418 891 2563 940 tribus
2598 893 2713 940 iam-

528 970 690 1021 borum
737 970 1041 1039 scriptoribus
1085 971 1418 1043 Archilochum
1465 972 1660 1019 maxime
1705 969 1764 1017 ad
1810 970 1899 1024 ἕξιν
1947 971 2183 1034 pertinere
2227 978 2471 1032 statueret,
2516 972 2610 1022 hoc
2655 971 2717 1022 de

529 1053 646 1114 vitio
682 1050 835 1101 lenius
869 1050 1075 1102 iudicare
1110 1050 1344 1101 debuisse.
1415 1050 1599 1100 Eodem
1637 1067 1781 1099 sensu
1816 1049 1934 1097 dixit
1974 1056 2029 1110 V,
2066 1049 2147 1110 13,
2182 1051 2273 1099 25:
2307 1056 2348 1099 εἰ
2382 1056 2477 1100 acri
2510 1062 2555 1101 et
2584 1055 2714 1101 velte-

527 1134 664 1179 mentt'
697 1134 843 1193 siret-it
873 1149 981 1180 usus
1015 1135 1224 1189 oratione,
1260 1135 1442 1180 emdem
1473 1150 1566 1180 rem
1600 1135 1760 1178 nostris
1804 1133 1945 1177 verbis
1989 1134 2238 1178 mitioribus
2293 1135 2587 1193 proferamus.
2658 1131 2719 1182 Si

531 1216 653 1261 vero
689 1210 899 1261 standum
935 1217 1009 1262 est
1043 1214 1088 1260 in
1125 1213 1331 1263 lectione
1366 1229 1605 1274 quomam,
1650 1217 1801 1278 aptum
1842 1226 1902 1260 ea
1944 1211 2196 1277 praeberet
2239 1227 2426 1261 sensum
2475 1213 2624 1271 hunc,
2670 1218 2720 1260 ut

530 1294 726 1341 omnium
783 1297 1021 1357 poetarum
1074 1292 1395 1341 Archilochus
1448 1294 1767 1341 immitissimus
1818 1290 1965 1340 fuisse
2008 1290 2266 1340 diceretur:
2321 1292 2445 1357 quod
2492 1299 2540 1343 et
2574 1292 2717 1342 indoli

528 1374 775 1422 carminum
812 1374 914 1422 eius
949 1378 998 1421 et
1032 1375 1307 1423 testimoniis
1343 1379 1554 1423 veterum
1591 1371 1730 1439 plane
1766 1374 2001 1422 convenit.

1545 1484 1592 1534 S.
1628 1476 1709 1525 63.

635 1567 830 1625 Alcaeus
855 1582 902 1626 in
924 1589 1055 1639 parte
1082 1585 1232 1640 operis
1264 1598 1398 1628 aureo
1422 1583 1593 1640 plectro
1619 1585 1775 1627 merito
1804 1584 2007 1636 dmmtur,
2040 1596 2126 1639 qua
2158 1588 2365 1636 tyraaemos
2381 1583 2618 1625 ituree-tatus

633 1660 820 1704 multum
855 1662 988 1704 etiam
1021 1663 1213 1706 moribus
1248 1662 1431 1720 confert.

531 1749 650 1797 Non
687 1754 1034 1814 perspexerunt
1069 1749 1163 1799 ioci
1200 1752 1448 1809 rationem,
1504 1752 1578 1814 qui
1627 1766 1691 1799 ex
1734 1755 1904 1797 tautum
1947 1765 2040 1797 non
2088 1748 2295 1796 omnibus
2350 1747 2589 1797 codicibus
2620 1753 2722 1810 quia

531 1844 620 1959 go
655 1845 742 1889 qua
776 1838 1099 1893 reposuerunt,
1135 1828 1455 1880 Frotscherus
1491 1837 1540 1880 et
1569 1828 1906 1890 Gernhardius‚
1945 1844 2038 1879 non
2070 1831 2186 1878 satis
2215 1827 2514 1878 attendentes
2549 1832 2593 1877 iu
2629 1833 2723 1879 vim

539 1902 542 1903 ⁷
584 1910 627 1958 ci
666 1907 922 1965 Horatiani‚
958 1926 1091 1974 quem
1127 1910 1321 1958 Fabium
1357 1913 1629 1977 respexisse
1663 1925 1765 1959 cum
1788 1910 2067 1977 Spaldingio
2104 1909 2241 1959 iidem
2278 1908 2398 1959 bene
2432 1909 2720 1970 adnotarunt,

534 1987 689 2039 Carni.
726 1988 790 2046 11,
832 1987 911 2048 13,
947 1988 1046 2036 252

1084 2090 1129 2129 et
1163 2090 1204 2128 te
1238 2092 1462 2129 sonantem
1492 2085 1667 2142 plenius
1701 2099 1850 2138 aureo,

1088 2163 1271 2220 Alcaee,
1304 2164 1475 2222 plectro
1526 2166 1638 2210 dura
1684 2167 1820 2219 micis,

1227 2245 1339 2289 dura
1362 2245 1502 2302 fitque
1535 2246 1670 2299 mala,
1708 2247 1820 2289 dura
1858 2245 1960 2288 bella·
1968 2258 1985 2298 ;

1086 2329 1318 2381 utrumque
1348 2338 1478 2368 sacro
1509 2326 1641 2381 diqna
1669 2325 1842 2369 silentio

1091 2405 1309 2448 mirantur
1349 2405 1528 2448 uvnbrae
1563 2406 1710 2449 dicere
1727 2420 1744 2448 .·
1778 2406 1862 2449 sed
1884 2407 2026 2462 mayis

1221 2498 1397 2541 puqnas
1432 2491 1476 2528 et
1509 2491 1694 2529 exactos
1730 2491 1937 2541 tyramws

1225 2564 1406 2609 densum
1441 2564 1632 2609 humeris
1668 2565 1774 2609 bibit
1806 2580 1913 2610 aure
1947 2566 2114 2625 vulqus.

535 2651 721 2700 Etenim
758 2669 893 2717 quum
927 2652 1022 2703 hoc
1058 2653 1173 2702 loco
1208 2659 1355 2720 poeta
1389 2670 1483 2704 non
1518 2653 1579 2703 de
1616 2656 1839 2704 universo
1879 2669 2089 2721 poeseos
2123 2655 2354 2704 Alcaicae
2388 2668 2565 2717 genere
2599 2660 2727 2721 agat,

535 2732 624 2780 sed
661 2748 761 2781 eam
800 2737 969 2780 tautum
1005 2736 1253 2782 carminum
1286 2737 1388 2783 eius
1422 2739 1602 2801 partem
1636 2741 1808 2800 tangat,
1846 2751 1937 2799 qua
1970 2741 2020 2784 et
2069 2735 2283 2785 exsilium
2319 2749 2450 2782 suum
2486 2738 2535 2782 et
2575 2734 2728 2785 odium

535 2810 645 2860 inde
698 2815 744 2859 in
803 2814 982 2877 patriae
1039 2815 1300 2880 principes,
1363 2815 1612 2880 Myrsilum
1665 2823 1714 2863 et
1766 2815 2011 2875 Pittacum,
2051 2805 2330 2881 conceptum
2380 2811 2728 2876 decantaverat,

538 2889 697 2940 debuit
732 2891 908 2940 Fabius
944 2907 1049 2941 eum
1086 2909 1179 2957 quo
1213 2894 1260 2942 id
1297 2895 1467 2943 factum
1490 2896 1648 2961 operis
1681 2895 1836 2944 locum
1859 2894 2109 2959 diligenter
2133 2894 2400 2958 designare,
2436 2894 2562 2959 quod
2593 2913 2729 2960 quum

537 2971 771 3020 scriberet
806 2975 859 3027 in,
883 2981 1015 3032 parte
1047 2977 1195 3032 operis
1228 3003 1294 3010 —
1332 2991 1435 3037 qua,
1482 2975 1733 3041 perspicue
1767 2973 1894 3023 fecit.
1966 2973 2116 3035 Quam
2157 2976 2252 3025 vim
2299 2971 2545 3024 verborum
2578 2978 2728 3041 signi-

537 3048 712 3100 ficasse
765 3056 814 3101 et
866 3049 1173 3119 Spaldingius
1220 3053 1432 3116 videtur,
1484 3071 1619 3120 quum
1675 3054 1821 3105 verba
1871 3059 1919 3105 in
1960 3066 2092 3118 parte
2141 3054 2489 3122 interpretanda
2531 3072 2642 3107 esse
2676 3061 2730 3107 ob

535 3140 735 3191 partem,
790 3134 845 3179 de
892 3142 1023 3192 parte
1056 3133 1316 3184 adnotaret.
1386 3135 1643 3186 Praeterea
1689 3138 1731 3184 si
1775 3136 1901 3202 quod
1946 3137 2165 3189 Alcaeus
2206 3142 2432 3202 tyrannos
2474 3138 2729 3188 insectatus
