3040 3729
1448 272 1787 321 -10—

626 429 714 461 non
750 421 896 461 tunm
930 415 1286 460 contenmendmt
1319 414 1458 460 edidit
1492 428 1602 470 opus
1635 414 1811 472 aequali
1844 415 2037 472 qudam
2069 417 2383 462 mediocritate.

516 491 747 562 „Scripsi
797 496 1047 556 [reddidit]
1098 508 1162 542 ex
1209 489 1333 541 Alm.
1386 506 1491 542 cum
1524 493 1661 540 etiam
1702 494 1747 541 in
1783 491 1945 543 Turic-
1998 492 2132 542 Ποῖ.
2168 498 2225 558 (a
2257 510 2325 562 pr.
2360 498 2452 559 m.)
2479 494 2624 546 Goth.
2658 501 2710 548 et

524 574 676 625 Voss.
728 574 763 623 2
814 581 946 624 esset
996 577 1160 630 reddit,
1205 572 1332 638 quod
1384 572 1651 623 Frotscher
1702 571 1920 623 dubitans
1971 576 2188 634 retinuit3
2242 574 2407 643 Spnld.
2449 590 2553 627 cum
2599 575 2708 629 edd.

521 660 674 706 edidit.
711 655 791 706 Cf.
826 654 940 713 x11‚
976 656 1022 702 5.
1059 657 1158 701 init.
1195 655 1329 714 vul,
1364 656 1416 716 5,
1448 656 1528 704 35.
1564 655 1642 703 ubi
1676 658 1861 702 reddere
1895 655 2131 719 siguificat
2168 665 2465 718 proponeref‘
2529 658 2584 708 ln
2619 657 2708 719 his,

524 753 645 802 quae
678 739 834 806 posuit
867 735 1213 797 Gernhardius‚
1249 734 1471 787 desidero
1506 737 1597 785 viri
1630 736 1881 785 acutissimi
1917 735 2231 803 diligentiam,
2285 739 2454 807 quippe
2496 755 2589 790 non
2632 745 2707 789 at·-

523 819 785 879 tendentis,
831 819 912 868 ubi
947 834 1006 870 ea
1049 821 1100 867 vi
1156 818 1352 867 verbum
1394 821 1604 866 reddendi
1668 819 1868 883 positum
1920 832 2034 869 esse
2075 818 2306 881 videatur,
2358 819 2555 887 intelligi
2591 837 2706 888 pro-

522 903 706 950 missum
739 899 973 965 quoddam
1009 899 1091 949 vel
1127 900 1538 965 exspectationem,
1584 900 1659 947 cui
1694 897 2079 951 satisfaciendum
2115 901 2190 960 sit,
2224 899 2271 949 id
2305 901 2432 965 quod
2468 902 2708 952 manifeste

521 980 575 1029 fit
608 983 655 1030 iu
689 980 812 1031 locis
842 980 1021 1041 allatis,
1074 978 1424 1044 haudquaquam
1471 995 1589 1029 vero
1626 980 1670 1026 in
1704 988 1880 1029 nostro.
1952 981 2034 1031 Ne
2068 979 2164 1031 hoc
2200 988 2378 1032 temere
2412 982 2594 1033 dixisse
2629 985 2706 1032 vi-

520 1061 651 1124 dear,
686 1063 962 1130 posterioris
997 1060 1090 1110 loci
1126 1059 1277 1110 solius
1312 1059 1462 1109 verba
1495 1058 1720 1110 laudabo:
1756 1062 1961 1109 Reddam
1993 1079 2110 1109 mmo
2145 1078 2277 1123 quum
2307 1069 2562 1123 prozimum
2593 1082 2705 1125 par-

523 1152 610 1191 tem
644 1146 850 1193 dixeram
884 1158 980 1189 esse
1014 1145 1068 1189 de
1103 1145 1255 1202 tropis,
1293 1139 1356 1189 de
1392 1156 1484 1206 quo
1519 1145 1619 1189 toto
1654 1155 1836 1205 genere
1871 1146 2013 1191 antea
2049 1156 2104 1192 se
2139 1140 2370 1192 dicturum
2404 1150 2569 1194 auctor
2602 1146 2705 1210 sig-

522 1224 746 1274 nificarat.
815 1221 984 1273 Simile
1027 1226 1101 1272 est
1138 1218 1389 1272 Ciceronis
1423 1219 1533 1270 illud
1571 1236 1637 1270 or.
1672 1237 1757 1288 pro
1802 1220 2021 1282 Quinctio
2074 1222 2156 1284 22,
2200 1222 2295 1273 712
2329 1242 2467 1286 neque
2499 1229 2707 1275 iudicium

521 1308 739 1354 redditum
773 1313 842 1353 est
875 1308 1098 1360 usitatum,
1150 1302 1192 1351 h.
1229 1319 1270 1353 e.
1324 1318 1477 1368 neque
1528 1300 1742 1351 iudicium
1794 1302 1948 1353 datum
1983 1309 2059 1355 est
2093 1304 2313 1364 Quinctio
2344 1305 2461 1355 illud
2498 1306 2624 1370 quod
2658 1314 2707 1356 ut

521 1388 737 1434 usitatum
770 1386 859 1450 ipsi
892 1383 1046 1432 datum
1082 1385 1135 1431 iri
1187 1390 1471 1449 exspectare
1506 1381 1585 1430 vel
1621 1383 1862 1448 postulare
1897 1389 2093 1451 poterat.
2164 1385 2299 1445 Quae
2334 1403 2468 1450 quum
2502 1389 2565 1435 ita
2600 1390 2706 1447 sint,

520 1463 914 1530 acquiescendum
950 1466 995 1512 in
1029 1463 1224 1528 vulgata
1260 1462 1509 1514 editionum
1553 1462 1763 1513 lectione
1804 1468 1965 1523 edidit,
2029 1467 2164 1515 etiam
2200 1468 2246 1515 in
2284 1464 2592 1515 Sichardiaua
2626 1485 2705 1517 re-

519 1552 670 1614 perta,
708 1546 786 1595 cui
821 1547 859 1593 si
896 1560 986 1609 qua
1019 1543 1139 1593 fides
1176 1542 1421 1594 tribuenda
1458 1550 1544 1603 est,
1580 1560 1717 1593 unum
1752 1552 1886 1594 certe
1921 1547 2023 1594 eius
2045 1547 2302 1611 scripturae
2332 1547 2553 1596 habemus
2589 1564 2704 1596 auc-

520 1633 671 1677 torem
718 1641 812 1675 non
864 1623 1198 1690 spernendum:
1253 1641 1356 1673 uam
1402 1623 1463 1673 de
1507 1624 1712 1673 lectione
1748 1640 1905 1674 eorum
1941 1623 2178 1685 codicum,
2235 1624 2297 1674 de
2332 1626 2495 1690 quibus
2531 1627 2706 1687 siletur,

521 1722 699 1775 anceps
752 1711 828 1756 est
877 1703 1105 1754 iudicium.
1175 1706 1245 1755 At
1298 1707 1476 1755 tametsi
1511 1707 1556 1753 in
1590 1704 1772 1754 dubium
1807 1721 1900 1755 non
1937 1705 2225 1765 vocandum,
2279 1710 2386 1772 quin
2424 1706 2706 1766 Quintiliano

522 1773 662 1838 edaisst
694 1786 900 1837 scribere
936 1785 1137 1847 licuerit,
1185 1793 1335 1836 tamen
1380 1803 1515 1851 quum
1556 1789 1706 1835 miuus
1753 1786 1814 1835 de
1849 1802 1996 1852 opere
2030 1787 2271 1852 vulgando
2307 1804 2438 1852 quam
2479 1788 2541 1838 de
2576 1804 2706 1839 com-

520 1867 741 1938 ‚nendo
777 1881 931 1918 sermo
966 1868 1049 1925 sit,
1086 1866 1241 1918 fateor
1276 1869 1347 1918 rei
1383 1866 1773 1917 accommodatius
1807 1865 1955 1916 fuisse
1992 1872 2214 1928 condidit,
2250 1868 2376 1933 quod
2411 1871 2451 1917 si
2485 1886 2706 1937 ponamus

522 1951 694 2001 nullius
726 1947 904 1999 codicis
932 1950 1215 1998 auctoritate
1249 1947 1372 1996 illam
1398 1950 1671 2014 scripturam
1702 1950 1797 2008 niti,
1827 1947 1970 1997 nihilo
1998 1955 2129 1998 certe
2160 1966 2220 1999 ea
2251 1948 2442 2000 inferius
2462 1950 2706 2001 videbitur.

1535 2072 1580 2123 S.
1619 2063 1699 2114 56.

870 2159 991 2214 Quid
1005 2163 1028 2205 ἴτ’
1057 2158 1336 2204 Nic-andnam
1368 2160 1541 2217 frustra
1577 2163 1719 2205 secuti
1752 2162 1913 2207 Macer
1948 2167 2077 2220 atque
2124 2160 2366 2219 Viryilius?

524 2261 845 2312 Frotscherus
898 2260 1078 2309 lectore
1131 2259 1245 2306 nihil
1292 2261 1464 2308 monito
1518 2263 1627 2321 quid
1675 2260 1806 2310 solus
1842 2263 2020 2322 omisit,
2065 2263 2280 2312 omissum
2317 2274 2431 2310 sane
2467 2262 2512 2310 in
2546 2260 2707 2311 Turic.

523 2345 660 2393 Flor.
697 2349 747 2394 et
782 2341 1036 2401 Almelov.,
1074 2340 1162 2389 sed
1198 2342 1389 2399 incuria,
1425 2340 1585 2402 credo,
1620 2341 1922 2402 librariorum,
1958 2345 2036 2408 qui
2071 2345 2115 2391 in
2153 2342 2244 2392 hac
2271 2340 2477 2392 eiusdem
2506 2341 2708 2392 voculae

522 2427 802 2494 repetitione
835 2422 978 2474 facile
1028 2436 1190 2473 errare
1244 2427 1510 2489 potuerunt.
1579 2420 1636 2472 Si
1679 2423 1842 2485 abest,
1893 2422 2033 2490 plane
2074 2423 2357 2474 deformatur
2390 2424 2511 2471 iusta
2544 2424 2707 2488 singu-

523 2507 672 2557 lorum
707 2507 933 2557 orationis
969 2503 1269 2553 membrorum
1303 2503 1622 2567 aequabilitas.
1693 2503 1840 2552 Aliud
1891 2504 2068 2570 pluries
2111 2506 2341 2570 repetitae
2371 2502 2709 2567 'interrogandi

525 2586 780 2654 particulae
816 2589 924 2648 quid
955 2585 1001 2633 in
1033 2583 1165 2633 simili
1200 2584 1503 2633 membrorum
1538 2599 1799 2650 progressu
1835 2583 2095 2651 exemplum
2133 2588 2290 2633 exstat
2335 2583 2372 2643 1,
2406 2581 2455 2643 4,
2492 2581 2572 2631 16.

1532 2706 1578 2758 S.
1622 2697 1703 2747 60.

633 2805 820 2853 Sunnrm
865 2808 912 2851 in
954 2805 1037 2850 hoc
1081 2800 1430 2872 [Archilocho]
1485 2806 1548 2848 vis
1593 2805 1874 2861 elocutionis,
1927 2819 2026 2851 cum
2078 2805 2274 2859 validae,
2320 2809 2411 2847 mm
2465 2804 2608 2848 breves

627 2889 926 2946 vibranteeqzoe
958 2885 1214 2940 sententiae,
1244 2885 1485 2943 plurimum
1517 2887 1744 2943 sanguinis
1761 2893 1891 2945 atque
1923 2900 2164 2944 tiemonem,
2199 2884 2310 2929 adeo
2345 2889 2394 2927 ut
2411 2883 2607 2928 videaturn-

629 2967 902 3028 quihnoedam,
936 2966 1056 3026 quod
1086 2979 1303 3024 quoquam
1336 2967 1479 3011 mittor
1512 2971 1594 3021 est,
1629 2967 1840 3011 materiae
1874 2980 1985 3022 esse,
2020 2981 2107 3012 non
2140 2964 2305 3023 mercii
2336 2964 2498 3009 vitium.

527 3070 584 3121 In
618 3069 817 3138 vulgata
860 3068 952 3117 hac
993 3081 1143 3133 usque
1177 3065 1239 3116 ad
1287 3065 1609 3136 Spaldingium
1644 3066 1847 3119 lectione
1881 3069 2054 3136 primus
2085 3068 2189 3118 iure
2223 3080 2312 3116 suo
2363 3063 2521 3119 haesit
2546 3064 2708 3117 Gens-

526 3151 671 3213 lerus,
706 3153 783 3217 qui
817 3166 952 3216 quum
988 3149 1140 3200 verba
1174 3151 1294 3209 quod
1323 3164 1539 3210 quoquam
1570 3151 1712 3197 utinm·
1744 3156 1814 3197 est
1855 3149 1979 3199 iusto
2024 3165 2170 3199 sensu
2212 3161 2380 3196 carere
2416 3145 2711 3212 intelligeret,
