3040 3729
1066 1091 1392 1155 CAPl'l'lS
1445 1089 1685 1153 l’ltnll

1298 1222 1349 1274 s.
1384 1213 1465 1263 46.

389 1353 479 1399 Hic
525 1354 664 1408 enim,
712 1354 1072 1412 quemadmodum
1117 1368 1180 1399 esc
1225 1368 1388 1399 oceano
1436 1354 1543 1398 dicit
1592 1355 1689 1411 ipse
1742 1354 1934 1399 amnium
1984 1353 2069 1397 vim
2099 1351 2377 1410 fontiwnque

388 1447 544 1479 cursus
567 1433 740 1479 mitium
768 1447 943 1492 capere,
971 1433 1166 1481 omuibus
1194 1434 1464 1492 eloquentiae
1488 1434 1690 1491 partums
1719 1434 1972 1491 exemplum
2000 1438 2044 1478 et
2065 1437 2209 1478 ortum
2236 1431 2370 1477 dedit.

285 1565 419 1626 Quae
454 1566 546 1616 hoc
582 1565 644 1617 de
679 1568 791 1618 loco
827 1569 913 1618 sub
949 1566 1127 1619 calcem
1163 1568 1320 1618 harum
1368 1568 1734 1620 lucubrationum
1782 1569 2188 1629 Quintilianearum
2225 1567 2352 1616 Part.
2387 1567 2479 1618 111.

283 1665 325 1697 a.
382 1648 517 1698 1845
560 1649 789 1715 vulgatae
835 1652 1121 1717 conscripsi,
1175 1666 1333 1700 eorum
1387 1667 1522 1716 quum
1576 1650 1730 1700 adhuc
1782 1665 1855 1700 me
1918 1664 2011 1698 non
2062 1649 2289 1714 piguerit,
2353 1663 2478 1699 nunc

283 1728 391 1779 data
424 1728 513 1778 hac
559 1731 814 1779 occasione
859 1731 905 1777 in
942 1728 1040 1778 tela
1087 1728 1380 1796 pei-texenda
1427 1746 1530 1781 mea
1575 1731 1633 1781 ab
1683 1730 1776 1781 hoc
1824 1732 1928 1797 ipso
1974 1728 2085 1778 loco
2131 1717 2478 1794 proficiscendi,

283 1824 377 1858 non
424 1810 536 1864 tanti
578 1808 818 1859 videretur
860 1814 1141 1870 retractare,
1201 1811 1289 1858 nisi
1335 1809 1609 1861 admonerer
1658 1810 1719 1861 de
1763 1810 2069 1867 dubitatione,
2114 1810 2159 1856 in
2201 1824 2336 1873 quam
2380 1806 2480 1857 vidi

286 1891 557 1939 sententiam
592 1906 621 1937 a
656 1906 729 1939 me
764 1890 872 1939 olim
906 1892 994 1938 iam
1028 1888 1089 1938 ad
1124 1887 1382 1940 Cornutum
1416 1908 1460 1958 p.
1499 1890 1598 1940 129
1651 1892 1958 1958 propositam,
1996 1888 2195 1955 posthac
2231 1891 2357 1938 curis
2393 1903 2478 1938 se-

285 1967 448 2018 cundis
482 1969 752 2031 subiectam,
788 1969 1023 2020 incidisse.
1078 1969 1277 2020 Scilicet
1312 1987 1447 2036 quum
1481 1970 1737 2037 legendum
1768 1972 2020 2020 suasissem
2055 1973 2246 2017 omnium
2287 1972 2482 2016 anutium

281 2052 555 2110 fontiumque
591 2066 762 2108 cursus,
798 2050 1081 2100 Mullachius
1115 2051 1162 2098 in
1185 2064 1401 2112 censura,
1436 2052 1511 2100 cui
1536 2051 1791 2101 Cornutum
1827 2067 1856 2098 a
1891 2065 1964 2099 me
2001 2048 2173 2099 editum
2197 2048 2395 2098 subiecit
2419 2049 2481 2112 ¹),

284 2143 385 2177 eam
409 2129 676 2195 scripturam
698 2129 782 2177 sibi
819 2128 1071 2196 displicere
1100 2128 1356 2191 adnotavit,
1393 2146 1485 2180 nou
1519 2130 1610 2179 alia
1645 2145 1789 2180 causa
1824 2131 1977 2190 allata,
2015 2145 2148 2194 quam
2183 2129 2308 2194 qnod
2335 2144 2480 2193 quum

283 2223 377 2273 ego
429 2207 490 2256 ad
540 2208 803 2259 firmandam
855 2210 1102 2261 lectionem
1156 2214 1346 2259 munium
1389 2211 1450 2260 ad
1496 2211 1736 2277 exemplar
1786 2211 1979 2260 Homeri
2029 2209 2162 2260 Iliad.
2212 2230 2265 2275 φ,
2316 2206 2415 2257 195
2450 2224 2481 2257 a

284 2286 563 2346 Quintiliano
599 2289 843 2339 manifeste
870 2305 1144 2357 expressum
1166 2305 1517 2355 provocassem,
1552 2293 1777 2340 incertum
1812 2296 1956 2350 esset,
1992 2290 2289 2339 Homericum
2324 2288 2479 2346 locum

282 2382 387 2416 num
423 2370 622 2434 scriptor
657 2367 717 2418 ad
756 2369 945 2419 verbum
981 2369 1184 2420 reddere
1220 2369 1454 2420 voluisset
1489 2385 1654 2421 necne.
1716 2370 1822 2420 Hac
1857 2369 1919 2419 de
1955 2385 2008 2419 re
2043 2369 2153 2435 qnid
2188 2368 2480 2420 statuendum

284 2448 364 2508 sit,
412 2450 589 2499 minime
626 2451 848 2499 incertum
883 2456 982 2500 est:
1037 2452 1169 2500 inimo
1217 2452 1521 2500 certissimum
1586 2468 1689 2501 cum
1740 2451 1948 2500 Homero
1986 2450 2310 2510 Quintilianum
2344 2465 2478 2498 com-

282 2529 464 2592 paranti
499 2544 612 2578 esse
647 2529 906 2589 videbitur,
959 2529 1082 2579 hunc
1127 2537 1302 2597 poetae
1348 2531 1493 2581 verba
1540 2534 1585 2579 in
1630 2531 1779 2580 breve
1831 2535 2072 2579 contracta
2125 2547 2252 2580 suam
2292 2532 2337 2577 in
2383 2544 2481 2579 rem

284 2610 593 2659 convertisse.
664 2609 767 2660 Sed
802 2610 926 2660 haud
960 2613 1108 2660 minus
1145 2619 1337 2672 certum,
1372 2611 1482 2660 nihil
1517 2612 1656 2679 plane
1692 2611 2013 2672 Quintilianum
2050 2610 2245 2671 dixisse,
2282 2613 2323 2658 si
2358 2614 2480 2660 omi-

285 2688 427 2737 sisset
461 2687 510 2753 id
532 2692 677 2758 puius
711 2694 862 2757 gratia
895 2692 1089 2742 Homeri
1125 2696 1400 2743 sententiam
1436 2699 1664 2742 mutuatus
1699 2698 1797 2752 est,
1852 2707 2013 2741 omnes
2048 2694 2232 2741 omnino
2268 2691 2480 2756 liquores

283 2782 347 2816 ex
383 2764 578 2821 Oceano
614 2787 943 2839 promanasse,
997 2787 1089 2821 non
1126 2772 1339 2838 singulos
1374 2772 1566 2838 aliquos.
1639 2772 1898 2834 Quocirca,
1951 2773 2051 2839 ipsa
2104 2787 2157 2822 re
2193 2771 2480 2840 postulante,

285 2852 475 2898 omnium
508 2850 685 2903 addere
721 2869 906 2919 quoquo
944 2852 1053 2902 loco
1090 2851 1398 2912 Quintilianus
1433 2853 1612 2904 debuit:
1647 2861 1787 2918 atque
1823 2853 1870 2902 id
1908 2869 2076 2920 reapse
2113 2853 2223 2903 olim
2259 2856 2481 2920 scriptum

284 2926 456 2990 fuisse,
507 2933 759 2984 ostendunt
810 2949 929 3000 quae
975 2935 1161 2998 imagini
1213 2934 1270 2982 ab
1335 2933 1543 2984 Homero
1596 2936 1769 3001 petitae
1817 2936 1862 2983 in
1915 2933 2066 2984 altero
2120 2936 2482 3001 comparationis

285 3007 487 3081 membro
524 3007 818 3082 opponuntur
855 3013 1002 3064 verba
1035 3016 1231 3063 mnibus
1266 3016 1537 3077 eloquentiae
1566 3017 1768 3075 partibus
1802 3023 1884 3063 ete.
1940 3012 2045 3066 Sed
2082 3016 2197 3064 satis
2234 3014 2482 3065 verborum

286 3089 333 3136 in
369 3105 420 3139 re
453 3087 724 3160 perspicua:
758 3094 904 3162 pudet
940 3099 1156 3162 repetere
1191 3093 1399 3161 pluribus
1434 3095 1540 3145 olim
1576 3097 1662 3144 iam
1696 3097 1877 3145 monita.

431 3226 465 3271 ¹)
510 3226 635 3267 Jahrb.
661 3230 721 3266 ssu·
742 3230 958 3268 wissensch.
983 3229 1105 3266 Kritik
1134 3232 1233 3269 1846.
1279 3229 1343 3266 ΝΥ.
1368 3233 1421 3268 20.
1448 3242 1481 3278 p.
1510 3233 1584 3268 154.

2149 3294 2168 3335 1
2184 3292 2208 3315 w
