3040 3729
1508 4 1552 107 ”aa

1253 354 1561 403 -5-

318 492 721 556 Οαὶιιῶιοεῐρ.
740 488 857 540 938.
891 489 1438 542 seminandam-dimitto
1462 490 1773 554 haclocum,
1803 490 2043 557 probabili,
2074 499 2124 543 ut
2151 492 2362 554 arbitror,
2390 509 2511 546 con·

314 577 494 642 iectura
505 568 866 638 permundata.
900 570 1068 621 'Eur-ic.v
1081 571 1218 623 Flor.
1242 588 1310 637 pr.
1329 587 1388 620 m.
1408 570 1705 623 etalmebv.
1728 576 1838 636 post
1855 574 2002 636 dicate
2022 575 2232 624 inseram
2246 578 2295 622 in
2311 577 2511 632 dicendo,

315 652 450 719 quoi}
476 650 610 703 nullo
631 648 983 702 mnodum-nini
1010 667 1158 719 posse
1191 650 1399 702 efflores'
1426 651 1784 712 intellexerunt,
1813 654 1885 702 ita
1919 658 1970 701 ut
1999 652 2134 702 huius
2171 652 2394 710 lectionis
2423 655 2511 703 iam

315 730 973 798 vix-,nentioaullarzamplius
1008 731 1123 781 flans
1172 730 1312 782 Unde
1333 748 1489 791 vero,
1525 737 1725 798 quaeso,
1768 732 1889 783 illam
1909 732 1935 782 ’ἒ
2007 732 2257 792 Quaeritur
2292 750 2512 798 quasnam

314 815 499 863 Noster
534 813 792 859 sententias
857 814 902 859 in
958 809 1169 861 secundo
1222 811 1385 860 Iliadis
1437 814 1714 879 respexerit.
1778 812 1893 862 Non
1945 818 2104 878 potest
2153 813 2352 863 dubitari
2404 815 2512 877 quin

253 938 260 948 ,
312 893 491 965 Ulixis,
542 891 791 952 Nestoris,
847 892 1212 957 Agamemnonis
1249 895 1486 943 orationes
1531 892 1637 942 illas
1673 909 1758 958 pro
1795 894 2026 944 concione
2061 893 2241 943 habitas
2275 896 2319 943 in
2357 899 2511 944 mente

312 965 534 1033 habuiisti,
570 971 735 1037 quibus
770 972 974 1023 Achivis
995 971 1202 1022 'reditum
1237 974 1284 1022 in
1305 972 1555 1027 Graeciam
1582 973 1868 1023 meditaturis
1903 977 2042 1037 atque
2072 976 2117 1021 in
2151 976 2254 1040 ipso
2291 973 2511 1023 discessu

312 1057 398 1103 iam
431 1051 731 1103 versantibus
763 1052 970 1103 suadere·
995 1052 1251 1113 studerent,
1285 1058 1337 1102 ut
1360 1055 1562 1104 consilio·
1586 1060 1758 1106 mutato
1776 1055 1956 1105 Troiae
1974 1053 2320 1119 expugnandae
2347 1070 2509 1102 rursus

312 1149 499 1201 operam
535 1132 713 1182 darent.
749 1133 877 1183 Vide
913 1151 959 1182 v.
990 1148 1031 1181 c.
1060 1151 1133 1182 vs.
1156 1132 1262 1182 284
1297 1138 1346 1183 et
1380 1151 1478 1199 seq.
1514 1135 1667 1184 Huius
1699 1138 1769 1186 rei
1803 1135 2009 1185 fortasse
2044 1137 2215 1184 mentio
2251 1135 2363 1184 licet
2395 1135 2506 1185 bre-

312 1217 505 1283 vissime
537 1230 568 1262 a
601 1214 785 1285 Nostro
820 1215 974 1274 facta,
1021 1217 1157 1262 sicuti
1191 1215 1313 1264 idem
1366 1215 1473 1279 quid
1508 1219 1555 1263 iu
1591 1233 1739 1277 nono,
1788 1217 1897 1281 quid
1931 1220 1977 1263 in
2013 1217 2159 1280 primo
2197 1215 2358 1263 Iliadis
2389 1215 2510 1265 libro

315 1295 618 1370 contineatur,
654 1289 863 1343 breviter
897 1292 1133 1344 indicavit.
1203 1291 1359 1343 Haec
1396 1311 1456 1343 eo
1490 1311 1564 1359 me
1600 1295 1799 1354 ducunt,
1856 1303 1905 1344 ut
1956 1298 2002 1342 in
2048 1295 2209 1344 verbis
2244 1296 2291 1343 iii
2326 1298 2510 1344 dicendo

310 1360 421 1424 illud
457 1377 605 1447 ipsum
633 1374 784 1422 latere
818 1359 1021 1435 credam,
1054 1373 1098 1423 h.
1136 1389 1177 1422 e.
1213 1379 1276 1432 ὅτι,
1296 1377 1571 1423 discedendo.
1642 1377 1697 1437 In
1732 1394 1821 1441 qua
1854 1376 2062 1425 lectIone
2099 1378 2139 1422 si
2176 1377 2310 1424 nimia
2345 1375 2507 1424 brevi-

310 1436 553 1521 loquentia
573 1445 838 1520 offendat-e,
874 1457 1047 1520 cogita,
1084 1469 1180 1503 rem
1215 1455 1465 1519 significari
1499 1458 1667 1505 nemini
1703 1473 1794 1506 non
1832 1463 1998 1506 notam.
2035 1455 2184 1505 Simili
2219 1456 2508 1505 librariorum

311 1550 472 1584 errore
508 1533 615 1589 olim
632 1533 901 1604 corruptus
936 1534 1019 1584 fuit
1057 1533 1179 1585 Cod.
1204 1534 1468 1584 Vaticanus
1500 1534 1749 1585 Ciceronis
1785 1536 1847 1585 de
1883 1554 1979 1605 rep
2018 1538 2056 1598 1,
2094 1535 2140 1597 S,
2177 1536 2252 1584 ubi
2289 1554 2335 1585 v.
2372 1535 2507 1584 nobis

310 1606 481 1666 notata.
546 1610 637 1665 His
672 1616 851 1683 positis¹
885 1620 1011 1666 totus
1045 1615 1183 1665 locus
1218 1619 1306 1666 iam
1341 1619 1405 1665 ita
1438 1616 1606 1683 prodit,
1634 1620 1820 1684 opinor,
1857 1618 2165 1666 emendatior:
2207 1618 2332 1664 Nam
2367 1627 2416 1663 ut
2453 1620 2507 1664 de

313 1701 539 1756 laudibus,
576 1699 976 1755 eoehortationibus,
1031 1700 1481 1760 comolationibusque
1524 1708 1722 1745 taceam:
1774 1716 1914 1746 nonne
1962 1701 2031 1744 vel
2080 1716 2192 1745 tenus
2242 1701 2373 1755 liber,
2422 1715 2505 1759 quo

311 1781 446 1825 missa
473 1763 537 1826 acl
550 1780 772 1829 Achillem
803 1781 962 1838 leqa'tio
987 1781 1247 1836 cominelur,
1268 1781 1339 1825 vel
1363 1783 1411 1825 in
1429 1782 1575 1838 primo
1600 1783 1713 1825 inter
1741 1782 1874 1826 dulces
1897 1781 1976 1825 illa
2003 1783 2233 1836 contentio,
2263 1781 2333 1824 vel
2360 1781 2505 1824 dictae

310 1860 356 1904 in
394 1862 656 1905 discedendo
695 1861 743 1905 in
779 1862 971 1904 secundo
1007 1863 1262 1915 sententiae,
1300 1875 1447 1904 omnes
1483 1861 1623 1905 litium
1669 1877 1723 1905 ac
1758 1860 2038 1906 consiliorum
2062 1862 2315 1917 ‘explicant
2350 1862 2503 1904 aries?

1326 2119 1371 2171 §-
1407 2111 1486 2160 48.

409 2263 507 2320 Aye
553 2277 679 2320 vero,
734 2278 820 2309 non
873 2266 1099 2322 utriusque
1147 2265 1291 2321 operis
1335 2265 1556 2321 inyressus
1602 2266 1646 2308 in
1691 2267 1975 2323 paucissimis
2023 2265 2214 2309 versibus
2264 2264 2400 2320 leqem

405 2345 743 2402 prooemiorum,
781 2358 867 2391 non
898 2344 1013 2400 dico,
1049 2345 1245 2399 servavit,
1278 2344 1362 2389 sed
1394 2346 1617 2391 constituit
1633 2346 1657 2390 ?

307 2499 643 2563 Quintilianus,
695 2504 784 2551 nisi
836 2502 930 2554 hoc
984 2503 1091 2554 loeo
1128 2518 1322 2569 prorsus
1356 2503 1534 2568 ineptiit
1568 2508 1646 2551 aut
1689 2501 1918 2563 dormivit,
1956 2518 2046 2551 nou
2084 2503 2231 2568 potuit
2266 2516 2358 2549 non
2390 2499 2499 2549 Ho-

306 2595 477 2630 merum
519 2584 692 2649 ipsnm,
740 2585 816 2648 qui
870 2586 1210 2651 prooemiorum
1263 2583 1418 2648 legem
1469 2585 1797 2643 constitueret,
1851 2584 1927 2647 qui
1990 2581 2189 2632 docilem
2245 2580 2502 2631 auditorem

303 2658 498 2722 faceret,
533 2665 580 2711 in
614 2670 769 2714 mente
803 2662 992 2720 habere.
1052 2666 1191 2718 Haec
1227 2665 1346 2714 enim
1382 2664 1532 2712 omnia
1568 2665 1606 2711 si
1642 2661 1702 2711 ad
1737 2667 1959 2722 inore-sous
1993 2668 2218 2729 tamqnam
2254 2677 2503 2727 personam

305 2738 585 2807 referaan
616 2758 710 2794 non
746 2749 878 2795 recte
912 2744 1178 2812 procedere
1223 2746 1495 2805 orationem,
1532 2744 1702 2811 optime
1737 2743 1885 2792 sensit
1918 2741 2236 2811 SpaldingiuS‚
2273 2744 2322 2791 in
2356 2742 2502 2791 refin-

305 2819 463 2885 genda
513 2822 610 2874 loci
662 2820 892 2893 scriptura
931 2828 1068 2877 iusto
1108 2825 1438 2876 meticulosior.
1518 2824 1630 2874 Nec
1686 2821 1926 2888 quidquam
1979 2841 2008 2873 a
2060 2823 2257 2889 vulgata
2303 2825 2506 2874 recessit

304 2898 636 2956 Frotsoherus.
664 2938 668 2941 ,
705 2906 1012 2969 Revocanda,
1044 2909 1088 2956 si
1124 2906 1230 2972 quid
1266 2905 1426 2967 video,
1477 2904 1609 2954 Badii
1646 2906 1873 2970 scriptura
1903 2911 2049 2966 operia
2083 2909 2154 2952 sui
2186 2909 2405 2966 iriyressu,
2440 2919 2507 2954 ex

304 2981 421 3047 ipsis
458 2983 737 3042 vcodicibus
759 2987 1048 3053 aliquatenus
1098 2986 1432 3037 confirmanda.
1510 2986 1682 3035 Plures
1728 2986 1847 3034 enim
1899 2985 2063 3050 quibus
2121 3000 2245 3034 nunc
2297 2986 2506 3034 accessit

303 3056 689 3129 musis,
739 3073 859 3135 post
884 3071 1030 3130 operio
1060 3068 1272 3117 inserunt
1303 3072 1366 3126 ai,
1421 3066 1542 3132 quod
1582 3063 1705 3115 unde
1740 3066 1980 3132 irrepserit
2014 3081 2153 3116 nemo
2189 3065 2330 3116 facile
2364 3064 2504 3127 dicat,

304 3140 597 3195 nisiffoinsia
629 3154 896 3214 corruptum
933 3148 1236 3207 existimetur,
1290 3146 1423 3212 quod
1450 3149 1595 3213 ipsum
1647 3151 1857 3211 praestat
1891 3146 2022 3196 Flor.
2058 3164 2114 3195 m.
2151 3161 2250 3197 sec.
2322 3144 2378 3194 ln
2415 3160 2505 3210 qua

303 3219 509 3275 lectione
527 3224 663 3275 anihil
716 3225 913 3279 mutauit
963 3230 1050 3277 nisi
1080 3232 1305 3289 inqressus
1359 3230 1404 3277 in
1436 3232 1658 3288 inyressu,
1696 3241 1819 3290 quae
1852 3242 1985 3291 quam
2020 3226 2175 3277 facilis
2207 3228 2271 3275 sit
2301 3225 2503 3276 mutandi
