<?xml version="1.0" encoding="UTF-8"?>
<!DOCTYPE html PUBLIC "-//W3C//DTD XHTML 1.0 Transitional//EN"
    "http://www.w3.org/TR/xhtml1/DTD/xhtml1-transitional.dtd">
<html xmlns="http://www.w3.org/1999/xhtml" xml:lang="en" lang="en">
 <head>
  <title>
</title>
<meta http-equiv="Content-Type" content="text/html;charset=utf-8" />
  <meta name='ocr-system' content='tesseract 3.04.00' />
  <meta name='ocr-capabilities' content='ocr_page ocr_carea ocr_par ocr_line ocrx_word'/>
</head>
<body>
  <div class='ocr_page' id='page_1' title='image "4763739_0015.png"; bbox 0 0 3040 3729; ppageno 0'>
   <div class='ocr_carea' id='block_1_1' title="bbox 0 0 125 330">
    <p class='ocr_par' dir='ltr' id='par_1_1' title="bbox 0 0 125 330">
     <span class='ocr_line' id='line_1_1' title="bbox 0 0 125 330; baseline 0 3399"><span class='ocrx_word' id='word_1_1' title='bbox 0 0 125 330; x_wconf 95' lang='lat' dir='ltr'><strong> </strong></span> 
     </span>
    </p>
   </div>
   <div class='ocr_carea' id='block_1_2' title="bbox 1235 366 1541 416">
    <p class='ocr_par' dir='ltr' id='par_1_2' title="bbox 1235 366 1541 416">
     <span class='ocr_line' id='line_1_2' title="bbox 1235 366 1541 416; baseline 0 -10"><span class='ocrx_word' id='word_1_2' title='bbox 1235 366 1541 416; x_wconf 71' lang='grc'>..9.-</span> 
     </span>
    </p>
   </div>
   <div class='ocr_carea' id='block_1_3' title="bbox 233 503 2474 3083">
    <p class='ocr_par' dir='ltr' id='par_1_3' title="bbox 233 503 2474 3083">
     <span class='ocr_line' id='line_1_3' title="bbox 290 503 2472 572; baseline -0.002 -12"><span class='ocrx_word' id='word_1_3' title='bbox 290 512 456 560; x_wconf 61' lang='lat' dir='ltr'><strong>mdo</strong></span> <span class='ocrx_word' id='word_1_4' title='bbox 499 511 753 567; x_wconf 76' lang='lat' dir='ltr'><strong>mutarunt,</strong></span> <span class='ocrx_word' id='word_1_5' title='bbox 807 506 992 556; x_wconf 87' lang='lat' dir='ltr'><strong>scilicet</strong></span> <span class='ocrx_word' id='word_1_6' title='bbox 1023 511 1253 572; x_wconf 84' lang='lat' dir='ltr'><strong>arreptum</strong></span> <span class='ocrx_word' id='word_1_7' title='bbox 1298 519 1363 555; x_wconf 83' lang='lat' dir='ltr'><strong>ex</strong></span> <span class='ocrx_word' id='word_1_8' title='bbox 1397 512 1444 564; x_wconf 70' lang='lat' dir='ltr'><strong>s.</strong></span> <span class='ocrx_word' id='word_1_9' title='bbox 1478 503 1547 554; x_wconf 84' lang='lat'><strong>59</strong></span> <span class='ocrx_word' id='word_1_10' title='bbox 1582 506 1835 553; x_wconf 63' lang='lat' dir='ltr'><strong>Aristan-chi</strong></span> <span class='ocrx_word' id='word_1_11' title='bbox 1868 506 2055 562; x_wconf 72' lang='lat' dir='ltr'><strong>iudicio,</strong></span> <span class='ocrx_word' id='word_1_12' title='bbox 2111 504 2237 568; x_wconf 82' lang='lat' dir='ltr'><strong>quod</strong></span> <span class='ocrx_word' id='word_1_13' title='bbox 2269 521 2392 555; x_wconf 89' lang='lat' dir='ltr'><strong>nunc</strong></span> <span class='ocrx_word' id='word_1_14' title='bbox 2424 509 2472 555; x_wconf 92' lang='lat' dir='ltr'><strong>in</strong></span> 
     </span>
     <span class='ocr_line' id='line_1_4' title="bbox 289 583 2472 655; baseline -0.002 -16"><span class='ocrx_word' id='word_1_15' title='bbox 289 583 641 655; x_wconf 75' lang='lat' dir='ltr'><strong>aliquot.codd.</strong></span> <span class='ocrx_word' id='word_1_16' title='bbox 679 588 907 653; x_wconf 89' lang='lat' dir='ltr'><strong>reperitur</strong></span> <span class='ocrx_word' id='word_1_17' title='bbox 941 590 1083 651; x_wconf 87' lang='lat' dir='ltr'><strong>atque</strong></span> <span class='ocrx_word' id='word_1_18' title='bbox 1116 587 1163 633; x_wconf 91' lang='lat' dir='ltr'><strong>in</strong></span> <span class='ocrx_word' id='word_1_19' title='bbox 1199 584 1372 635; x_wconf 85' lang='lat' dir='ltr'><strong>Geelio</strong></span> <span class='ocrx_word' id='word_1_20' title='bbox 1395 585 1441 647; x_wconf 80' lang='lat'><strong>³)</strong></span> <span class='ocrx_word' id='word_1_21' title='bbox 1475 597 1624 652; x_wconf 82' lang='lat' dir='ltr'>nuper</span> <span class='ocrx_word' id='word_1_22' title='bbox 1658 583 1955 635; x_wconf 75' lang='lat' dir='ltr'>defensorem</span> <span class='ocrx_word' id='word_1_23' title='bbox 1991 585 2182 633; x_wconf 89' lang='lat' dir='ltr'><strong>invenit.</strong></span> <span class='ocrx_word' id='word_1_24' title='bbox 2246 583 2472 635; x_wconf 77' lang='lat' dir='ltr'><strong>Frustra:</strong></span> 
     </span>
     <span class='ocr_line' id='line_1_5' title="bbox 290 663 2474 737; baseline -0.003 -16"><span class='ocrx_word' id='word_1_25' title='bbox 290 672 605 737; x_wconf 78' lang='lat' dir='ltr'><strong>expectasses</strong></span> <span class='ocrx_word' id='word_1_26' title='bbox 658 672 791 718; x_wconf 86' lang='lat' dir='ltr'><strong>certe</strong></span> <span class='ocrx_word' id='word_1_27' title='bbox 844 670 1065 734; x_wconf 85' lang='lat' dir='ltr'><strong>scriptum</strong></span> <span class='ocrx_word' id='word_1_28' title='bbox 1097 671 1150 715; x_wconf 75' lang='lat' dir='ltr'><strong>in</strong></span> <span class='ocrx_word' id='word_1_29' title='bbox 1178 669 1342 714; x_wconf 71' lang='lat' dir='ltr'><strong>iudicio</strong></span> <span class='ocrx_word' id='word_1_30' title='bbox 1352 681 1371 725; x_wconf 90' lang='lat'><em>;</em></span> <span class='ocrx_word' id='word_1_31' title='bbox 1422 681 1555 730; x_wconf 84' lang='lat' dir='ltr'><strong>quam</strong></span> <span class='ocrx_word' id='word_1_32' title='bbox 1604 667 1999 732; x_wconf 80' lang='lat' dir='ltr'><strong>praepositionem</strong></span> <span class='ocrx_word' id='word_1_33' title='bbox 2043 663 2353 715; x_wconf 76' lang='lat' dir='ltr'><strong>oblitteratam</strong></span> <span class='ocrx_word' id='word_1_34' title='bbox 2386 683 2474 733; x_wconf 86' lang='lat' dir='ltr'><strong>per</strong></span> 
     </span>
     <span class='ocr_line' id='line_1_6' title="bbox 289 744 2472 813; baseline -0.003 -14"><span class='ocrx_word' id='word_1_35' title='bbox 289 765 366 800; x_wconf 85' lang='lat' dir='ltr'><strong>me</strong></span> <span class='ocrx_word' id='word_1_36' title='bbox 398 748 516 797; x_wconf 89' lang='lat' dir='ltr'><strong>licet</strong></span> <span class='ocrx_word' id='word_1_37' title='bbox 569 748 781 797; x_wconf 86' lang='lat' dir='ltr'><strong>extrices</strong></span> <span class='ocrx_word' id='word_1_38' title='bbox 824 764 888 798; x_wconf 87' lang='lat' dir='ltr'><strong>ex</strong></span> <span class='ocrx_word' id='word_1_39' title='bbox 934 747 1093 796; x_wconf 87' lang='lat' dir='ltr'><strong>ultima</strong></span> <span class='ocrx_word' id='word_1_40' title='bbox 1138 745 1324 813; x_wconf 75' lang='lat' dir='ltr'><strong>syllaba</strong></span> <span class='ocrx_word' id='word_1_41' title='bbox 1375 744 1599 797; x_wconf 81' lang='lat' dir='ltr'><strong>vocabuli</strong></span> <span class='ocrx_word' id='word_1_42' title='bbox 1644 745 1976 813; x_wconf 87' lang='lat' dir='ltr'><strong>praecedentis</strong></span> <span class='ocrx_word' id='word_1_43' title='bbox 2025 755 2269 806; x_wconf 72' lang='lat' dir='ltr'><strong>poetar-im.</strong></span> <span class='ocrx_word' id='word_1_44' title='bbox 2367 746 2472 798; x_wconf 81' lang='lat' dir='ltr'><strong>Sed</strong></span> 
     </span>
     <span class='ocr_line' id='line_1_7' title="bbox 288 825 2473 896; baseline -0.001 -15"><span class='ocrx_word' id='word_1_45' title='bbox 288 835 351 881; x_wconf 90' lang='lat' dir='ltr'><strong>ita</strong></span> <span class='ocrx_word' id='word_1_46' title='bbox 390 836 443 880; x_wconf 90' lang='lat' dir='ltr'><strong>ut</strong></span> <span class='ocrx_word' id='word_1_47' title='bbox 486 829 791 891; x_wconf 76' lang='lat' dir='ltr'>rescribatur,</span> <span class='ocrx_word' id='word_1_48' title='bbox 841 844 1028 896; x_wconf 87' lang='lat' dir='ltr'><strong>semper</strong></span> <span class='ocrx_word' id='word_1_49' title='bbox 1064 827 1311 879; x_wconf 80' lang='lat' dir='ltr'><strong>admodum</strong></span> <span class='ocrx_word' id='word_1_50' title='bbox 1338 827 1624 894; x_wconf 75' lang='lat' dir='ltr'><strong>languescet</strong></span> <span class='ocrx_word' id='word_1_51' title='bbox 1658 832 1809 877; x_wconf 88' lang='lat' dir='ltr'><strong>totum</strong></span> <span class='ocrx_word' id='word_1_52' title='bbox 1842 825 1936 878; x_wconf 89' lang='lat' dir='ltr'><strong>hoc</strong></span> <span class='ocrx_word' id='word_1_53' title='bbox 1970 826 2346 890; x_wconf 86' lang='lat' dir='ltr'><strong>additamentum,</strong></span> <span class='ocrx_word' id='word_1_54' title='bbox 2380 831 2473 878; x_wconf 88' lang='lat' dir='ltr'><strong>nisi</strong></span> 
     </span>
     <span class='ocr_line' id='line_1_8' title="bbox 290 907 2461 978; baseline 0 -17"><span class='ocrx_word' id='word_1_55' title='bbox 290 907 533 962; x_wconf 86' lang='lat' dir='ltr'><strong>adiectum</strong></span> <span class='ocrx_word' id='word_1_56' title='bbox 556 927 618 962; x_wconf 92' lang='lat' dir='ltr'><strong>eo</strong></span> <span class='ocrx_word' id='word_1_57' title='bbox 655 911 860 961; x_wconf 89' lang='lat' dir='ltr'><strong>consilio</strong></span> <span class='ocrx_word' id='word_1_58' title='bbox 895 927 1002 960; x_wconf 89' lang='lat' dir='ltr'><strong>cum</strong></span> <span class='ocrx_word' id='word_1_59' title='bbox 1035 910 1209 960; x_wconf 83' lang='lat' dir='ltr'><strong>Geelio</strong></span> <span class='ocrx_word' id='word_1_60' title='bbox 1244 914 1503 978; x_wconf 89' lang='lat' dir='ltr'><strong>putaveris,</strong></span> <span class='ocrx_word' id='word_1_61' title='bbox 1540 916 1594 958; x_wconf 91' lang='lat' dir='ltr'><strong>ut</strong></span> <span class='ocrx_word' id='word_1_62' title='bbox 1628 909 1679 958; x_wconf 92' lang='lat' dir='ltr'><strong>id</strong></span> <span class='ocrx_word' id='word_1_63' title='bbox 1695 908 1915 958; x_wconf 89' lang='lat' dir='ltr'><strong>iudicium</strong></span> <span class='ocrx_word' id='word_1_64' title='bbox 1935 916 2179 975; x_wconf 89' lang='lat' dir='ltr'><strong>poetarum</strong></span> <span class='ocrx_word' id='word_1_65' title='bbox 2207 908 2461 962; x_wconf 88' lang='lat' dir='ltr'><strong>discerne-</strong></span> 
     </span>
     <span class='ocr_line' id='line_1_9' title="bbox 289 990 2473 1060; baseline 0 -19"><span class='ocrx_word' id='word_1_66' title='bbox 289 998 419 1042; x_wconf 84' lang='lat' dir='ltr'><strong>retur</strong></span> <span class='ocrx_word' id='word_1_67' title='bbox 454 992 513 1041; x_wconf 92' lang='lat' dir='ltr'><strong>ab</strong></span> <span class='ocrx_word' id='word_1_68' title='bbox 550 991 664 1052; x_wconf 86' lang='lat' dir='ltr'><strong>alio,</strong></span> <span class='ocrx_word' id='word_1_69' title='bbox 699 1007 793 1057; x_wconf 91' lang='lat' dir='ltr'><strong>quo</strong></span> <span class='ocrx_word' id='word_1_70' title='bbox 832 992 895 1043; x_wconf 91' lang='lat' dir='ltr'><strong>de</strong></span> <span class='ocrx_word' id='word_1_71' title='bbox 930 1007 1106 1060; x_wconf 80' lang='lat' dir='ltr'><strong>prosae</strong></span> <span class='ocrx_word' id='word_1_72' title='bbox 1140 994 1374 1042; x_wconf 86' lang='lat' dir='ltr'><strong>orationis</strong></span> <span class='ocrx_word' id='word_1_73' title='bbox 1419 991 1735 1058; x_wconf 83' lang='lat' dir='ltr'><strong>scriptoribus</strong></span> <span class='ocrx_word' id='word_1_74' title='bbox 1768 991 1828 1040; x_wconf 90' lang='lat' dir='ltr'><strong>ab</strong></span> <span class='ocrx_word' id='word_1_75' title='bbox 1861 990 2140 1040; x_wconf 80' lang='lat' dir='ltr'><strong>Aristarcho</strong></span> <span class='ocrx_word' id='word_1_76' title='bbox 2178 991 2473 1059; x_wconf 79' lang='lat' dir='ltr'><strong>Aristopha-</strong></span> 
     </span>
     <span class='ocr_line' id='line_1_10' title="bbox 288 1071 2472 1141; baseline 0.001 -20"><span class='ocrx_word' id='word_1_77' title='bbox 288 1089 442 1140; x_wconf 88' lang='lat' dir='ltr'><strong>neque</strong></span> <span class='ocrx_word' id='word_1_78' title='bbox 477 1073 730 1123; x_wconf 87' lang='lat' dir='ltr'><strong>iudicatum</strong></span> <span class='ocrx_word' id='word_1_79' title='bbox 767 1072 953 1124; x_wconf 88' lang='lat' dir='ltr'><strong>fuisset.</strong></span> <span class='ocrx_word' id='word_1_80' title='bbox 1007 1074 1097 1122; x_wconf 86' lang='lat' dir='ltr'><strong>His</strong></span> <span class='ocrx_word' id='word_1_81' title='bbox 1134 1090 1258 1124; x_wconf 90' lang='lat' dir='ltr'><strong>vero</strong></span> <span class='ocrx_word' id='word_1_82' title='bbox 1279 1072 1620 1141; x_wconf 88' lang='lat' dir='ltr'><strong>opponendum,</strong></span> <span class='ocrx_word' id='word_1_83' title='bbox 1656 1074 1848 1139; x_wconf 89' lang='lat' dir='ltr'><strong>primum</strong></span> <span class='ocrx_word' id='word_1_84' title='bbox 1881 1071 2056 1121; x_wconf 84' lang='lat' dir='ltr'><strong>nullam</strong></span> <span class='ocrx_word' id='word_1_85' title='bbox 2090 1074 2290 1137; x_wconf 87' lang='lat' dir='ltr'><strong>cogitari</strong></span> <span class='ocrx_word' id='word_1_86' title='bbox 2324 1088 2472 1140; x_wconf 80' lang='lat' dir='ltr'><strong>posse</strong></span> 
     </span>
     <span class='ocr_line' id='line_1_11' title="bbox 288 1143 2471 1219; baseline -0.001 -14"><span class='ocrx_word' id='word_1_87' title='bbox 288 1171 527 1214; x_wconf 85' lang='lat' dir='ltr'><strong>caussam,</strong></span> <span class='ocrx_word' id='word_1_88' title='bbox 580 1170 668 1205; x_wconf 91' lang='lat' dir='ltr'><strong>cur</strong></span> <span class='ocrx_word' id='word_1_89' title='bbox 718 1155 901 1205; x_wconf 77' lang='lat' dir='ltr'><strong>Fabius</strong></span> <span class='ocrx_word' id='word_1_90' title='bbox 953 1155 1081 1204; x_wconf 90' lang='lat' dir='ltr'><strong>illius</strong></span> <span class='ocrx_word' id='word_1_91' title='bbox 1118 1143 1398 1204; x_wconf 83' lang='lat' dir='ltr'><strong>discriminis</strong></span> <span class='ocrx_word' id='word_1_92' title='bbox 1433 1157 1709 1205; x_wconf 83' lang='lat' dir='ltr'><strong>mentionem</strong></span> <span class='ocrx_word' id='word_1_93' title='bbox 1762 1152 1956 1215; x_wconf 86' lang='lat' dir='ltr'><strong>fecerit,</strong></span> <span class='ocrx_word' id='word_1_94' title='bbox 2000 1156 2094 1202; x_wconf 91' lang='lat' dir='ltr'><strong>nisi</strong></span> <span class='ocrx_word' id='word_1_95' title='bbox 2140 1154 2273 1202; x_wconf 91' lang='lat' dir='ltr'><strong>simul</strong></span> <span class='ocrx_word' id='word_1_96' title='bbox 2315 1158 2471 1219; x_wconf 87' lang='lat' dir='ltr'><strong>signi-</strong></span> 
     </span>
     <span class='ocr_line' id='line_1_12' title="bbox 286 1233 2468 1303; baseline -0 -18"><span class='ocrx_word' id='word_1_97' title='bbox 286 1235 437 1287; x_wconf 85' lang='lat' dir='ltr'><strong>ficare</strong></span> <span class='ocrx_word' id='word_1_98' title='bbox 471 1234 698 1296; x_wconf 81' lang='lat' dir='ltr'><strong>voluerit,</strong></span> <span class='ocrx_word' id='word_1_99' title='bbox 736 1237 783 1285; x_wconf 94' lang='lat' dir='ltr'><strong>in</strong></span> <span class='ocrx_word' id='word_1_100' title='bbox 820 1235 975 1286; x_wconf 86' lang='lat' dir='ltr'><strong>altero</strong></span> <span class='ocrx_word' id='word_1_101' title='bbox 1012 1234 1191 1287; x_wconf 90' lang='lat' dir='ltr'><strong>iudicio</strong></span> <span class='ocrx_word' id='word_1_102' title='bbox 1225 1236 1432 1303; x_wconf 89' lang='lat' dir='ltr'><strong>ipsorum</strong></span> <span class='ocrx_word' id='word_1_103' title='bbox 1464 1237 1688 1303; x_wconf 89' lang='lat' dir='ltr'><strong>temporis</strong></span> <span class='ocrx_word' id='word_1_104' title='bbox 1723 1237 1987 1302; x_wconf 84' lang='lat' dir='ltr'><strong>scriptores</strong></span> <span class='ocrx_word' id='word_1_105' title='bbox 2021 1234 2081 1285; x_wconf 90' lang='lat' dir='ltr'><strong>ab</strong></span> <span class='ocrx_word' id='word_1_106' title='bbox 2117 1233 2213 1284; x_wconf 91' lang='lat' dir='ltr'><strong>illis</strong></span> <span class='ocrx_word' id='word_1_107' title='bbox 2247 1237 2296 1284; x_wconf 93' lang='lat' dir='ltr'><strong>in</strong></span> <span class='ocrx_word' id='word_1_108' title='bbox 2331 1234 2468 1286; x_wconf 92' lang='lat' dir='ltr'><strong>ordi-</strong></span> 
     </span>
     <span class='ocr_line' id='line_1_13' title="bbox 286 1315 2471 1385; baseline 0.001 -19"><span class='ocrx_word' id='word_1_109' title='bbox 286 1332 392 1367; x_wconf 87' lang='lat' dir='ltr'><strong>nem</strong></span> <span class='ocrx_word' id='word_1_110' title='bbox 427 1322 652 1382; x_wconf 89' lang='lat' dir='ltr'><strong>receptos</strong></span> <span class='ocrx_word' id='word_1_111' title='bbox 688 1315 861 1378; x_wconf 85' lang='lat' dir='ltr'><strong>fuisse,</strong></span> <span class='ocrx_word' id='word_1_112' title='bbox 905 1317 1031 1383; x_wconf 91' lang='lat' dir='ltr'><strong>quod</strong></span> <span class='ocrx_word' id='word_1_113' title='bbox 1077 1334 1215 1384; x_wconf 91' lang='lat' dir='ltr'><strong>quum</strong></span> <span class='ocrx_word' id='word_1_114' title='bbox 1267 1334 1356 1384; x_wconf 88' lang='lat' dir='ltr'><strong>per</strong></span> <span class='ocrx_word' id='word_1_115' title='bbox 1391 1334 1445 1368; x_wconf 88' lang='lat' dir='ltr'><strong>se</strong></span> <span class='ocrx_word' id='word_1_116' title='bbox 1497 1317 1747 1385; x_wconf 87' lang='lat' dir='ltr'><strong>probabile</strong></span> <span class='ocrx_word' id='word_1_117' title='bbox 1799 1334 1894 1368; x_wconf 89' lang='lat' dir='ltr'><strong>non</strong></span> <span class='ocrx_word' id='word_1_118' title='bbox 1928 1315 2179 1377; x_wconf 86' lang='lat' dir='ltr'><strong>videatur,</strong></span> <span class='ocrx_word' id='word_1_119' title='bbox 2227 1322 2323 1366; x_wconf 85' lang='lat' dir='ltr'><strong>tum</strong></span> <span class='ocrx_word' id='word_1_120' title='bbox 2357 1325 2471 1369; x_wconf 86' lang='lat' dir='ltr'><strong>ante</strong></span> 
     </span>
     <span class='ocr_line' id='line_1_14' title="bbox 289 1396 2471 1464; baseline 0.001 -19"><span class='ocrx_word' id='word_1_121' title='bbox 289 1413 384 1446; x_wconf 89' lang='lat' dir='ltr'><strong>non</strong></span> <span class='ocrx_word' id='word_1_122' title='bbox 418 1403 579 1462; x_wconf 89' lang='lat' dir='ltr'><strong>potest</strong></span> <span class='ocrx_word' id='word_1_123' title='bbox 613 1400 802 1448; x_wconf 87' lang='lat' dir='ltr'><strong>omnino</strong></span> <span class='ocrx_word' id='word_1_124' title='bbox 839 1397 1017 1448; x_wconf 83' lang='lat' dir='ltr'><strong>admitti</strong></span> <span class='ocrx_word' id='word_1_125' title='bbox 1053 1414 1189 1464; x_wconf 86' lang='lat' dir='ltr'><strong>quam</strong></span> <span class='ocrx_word' id='word_1_126' title='bbox 1234 1398 1597 1449; x_wconf 87' lang='lat' dir='ltr'><strong>demonstratum</strong></span> <span class='ocrx_word' id='word_1_127' title='bbox 1632 1397 1787 1457; x_wconf 87' lang='lat' dir='ltr'><strong>fuerit,</strong></span> <span class='ocrx_word' id='word_1_128' title='bbox 1841 1398 1942 1447; x_wconf 90' lang='lat' dir='ltr'><strong>tale</strong></span> <span class='ocrx_word' id='word_1_129' title='bbox 1993 1396 2217 1447; x_wconf 81' lang='lat' dir='ltr'><strong>iudicium</strong></span> <span class='ocrx_word' id='word_1_130' title='bbox 2271 1398 2331 1448; x_wconf 91' lang='lat' dir='ltr'><strong>ab</strong></span> <span class='ocrx_word' id='word_1_131' title='bbox 2367 1398 2471 1447; x_wconf 88' lang='lat' dir='ltr'><strong>illis</strong></span> 
     </span>
     <span class='ocr_line' id='line_1_15' title="bbox 288 1476 2469 1543; baseline 0.001 -17"><span class='ocrx_word' id='word_1_132' title='bbox 288 1493 465 1527; x_wconf 88' lang='lat' dir='ltr'><strong>revera</strong></span> <span class='ocrx_word' id='word_1_133' title='bbox 492 1476 756 1543; x_wconf 87' lang='lat' dir='ltr'><strong>profectum</strong></span> <span class='ocrx_word' id='word_1_134' title='bbox 791 1477 963 1539; x_wconf 88' lang='lat' dir='ltr'><strong>fuisse,</strong></span> <span class='ocrx_word' id='word_1_135' title='bbox 1010 1478 1135 1543; x_wconf 91' lang='lat' dir='ltr'><strong>quod</strong></span> <span class='ocrx_word' id='word_1_136' title='bbox 1170 1478 1328 1530; x_wconf 87' lang='lat' dir='ltr'><strong>adhuc</strong></span> <span class='ocrx_word' id='word_1_137' title='bbox 1362 1478 1727 1530; x_wconf 86' lang='lat' dir='ltr'><strong>demonstratum</strong></span> <span class='ocrx_word' id='word_1_138' title='bbox 1764 1494 1856 1528; x_wconf 88' lang='lat' dir='ltr'><strong>nou</strong></span> <span class='ocrx_word' id='word_1_139' title='bbox 1892 1484 1987 1529; x_wconf 84' lang='lat' dir='ltr'><strong>est:</strong></span> <span class='ocrx_word' id='word_1_140' title='bbox 2022 1477 2197 1529; x_wconf 88' lang='lat' dir='ltr'><strong>deinde</strong></span> <span class='ocrx_word' id='word_1_141' title='bbox 2232 1478 2394 1529; x_wconf 88' lang='lat' dir='ltr'><strong>Geelii</strong></span> <span class='ocrx_word' id='word_1_142' title='bbox 2427 1482 2469 1528; x_wconf 86' lang='lat' dir='ltr'><strong>si</strong></span> 
     </span>
     <span class='ocr_line' id='line_1_16' title="bbox 287 1558 2469 1624; baseline 0.001 -18"><span class='ocrx_word' id='word_1_143' title='bbox 287 1573 489 1622; x_wconf 88' lang='lat' dir='ltr'><strong>sequare</strong></span> <span class='ocrx_word' id='word_1_144' title='bbox 525 1561 815 1618; x_wconf 74' lang='lat' dir='ltr'><strong>sententiam,</strong></span> <span class='ocrx_word' id='word_1_145' title='bbox 850 1575 1056 1610; x_wconf 88' lang='lat' dir='ltr'><strong>necesse</strong></span> <span class='ocrx_word' id='word_1_146' title='bbox 1091 1567 1168 1611; x_wconf 88' lang='lat' dir='ltr'><strong>est</strong></span> <span class='ocrx_word' id='word_1_147' title='bbox 1204 1567 1474 1619; x_wconf 79' lang='lat' dir='ltr'><strong>statuamuS,</strong></span> <span class='ocrx_word' id='word_1_148' title='bbox 1509 1559 1724 1610; x_wconf 90' lang='lat' dir='ltr'><strong>iudicium</strong></span> <span class='ocrx_word' id='word_1_149' title='bbox 1759 1558 1877 1608; x_wconf 91' lang='lat' dir='ltr'><strong>illud</strong></span> <span class='ocrx_word' id='word_1_150' title='bbox 1911 1561 2162 1610; x_wconf 91' lang='lat' dir='ltr'><strong>coniuncta</strong></span> <span class='ocrx_word' id='word_1_151' title='bbox 2195 1562 2469 1624; x_wconf 87' lang='lat' dir='ltr'><strong>grammati-</strong></span> 
     </span>
     <span class='ocr_line' id='line_1_17' title="bbox 286 1637 2468 1706; baseline 0.001 -20"><span class='ocrx_word' id='word_1_152' title='bbox 286 1654 444 1687; x_wconf 90' lang='lat' dir='ltr'><strong>corum</strong></span> <span class='ocrx_word' id='word_1_153' title='bbox 481 1637 662 1687; x_wconf 89' lang='lat' dir='ltr'><strong>illorum</strong></span> <span class='ocrx_word' id='word_1_154' title='bbox 699 1655 846 1706; x_wconf 91' lang='lat' dir='ltr'><strong>opera</strong></span> <span class='ocrx_word' id='word_1_155' title='bbox 878 1639 1159 1703; x_wconf 83' lang='lat' dir='ltr'><strong>confectum</strong></span> <span class='ocrx_word' id='word_1_156' title='bbox 1187 1640 1347 1700; x_wconf 88' lang='lat' dir='ltr'><strong>fuisse,</strong></span> <span class='ocrx_word' id='word_1_157' title='bbox 1385 1640 1445 1689; x_wconf 89' lang='lat' dir='ltr'><strong>de</strong></span> <span class='ocrx_word' id='word_1_158' title='bbox 1481 1657 1574 1704; x_wconf 88' lang='lat' dir='ltr'><strong>qua</strong></span> <span class='ocrx_word' id='word_1_159' title='bbox 1608 1639 1791 1704; x_wconf 89' lang='lat' dir='ltr'><strong>quidem</strong></span> <span class='ocrx_word' id='word_1_160' title='bbox 1821 1642 1977 1706; x_wconf 87' lang='lat' dir='ltr'><strong>operis</strong></span> <span class='ocrx_word' id='word_1_161' title='bbox 1998 1643 2320 1690; x_wconf 88' lang='lat' dir='ltr'><strong>communione</strong></span> <span class='ocrx_word' id='word_1_162' title='bbox 2355 1639 2468 1689; x_wconf 91' lang='lat' dir='ltr'><strong>nihil</strong></span> 
     </span>
     <span class='ocr_line' id='line_1_18' title="bbox 286 1719 2468 1789; baseline 0 -20"><span class='ocrx_word' id='word_1_163' title='bbox 286 1726 487 1771; x_wconf 86' lang='lat' dir='ltr'><strong>constat.</strong></span> <span class='ocrx_word' id='word_1_164' title='bbox 559 1719 708 1769; x_wconf 89' lang='lat' dir='ltr'><strong>Adde</strong></span> <span class='ocrx_word' id='word_1_165' title='bbox 760 1722 886 1785; x_wconf 88' lang='lat' dir='ltr'><strong>quod</strong></span> <span class='ocrx_word' id='word_1_166' title='bbox 939 1726 1041 1789; x_wconf 89' lang='lat' dir='ltr'><strong>ipse</strong></span> <span class='ocrx_word' id='word_1_167' title='bbox 1094 1723 1273 1771; x_wconf 78' lang='lat' dir='ltr'><strong>Fabius</strong></span> <span class='ocrx_word' id='word_1_168' title='bbox 1325 1739 1436 1772; x_wconf 84' lang='lat' dir='ltr'><strong>mox</strong></span> <span class='ocrx_word' id='word_1_169' title='bbox 1469 1722 1502 1770; x_wconf 91' lang='lat' dir='ltr'><strong>l.</strong></span> <span class='ocrx_word' id='word_1_170' title='bbox 1540 1722 1573 1770; x_wconf 94' lang='lat' dir='ltr'><strong>l.</strong></span> <span class='ocrx_word' id='word_1_171' title='bbox 1608 1723 1859 1787; x_wconf 90' lang='lat' dir='ltr'><strong>separatim</strong></span> <span class='ocrx_word' id='word_1_172' title='bbox 1894 1720 1957 1770; x_wconf 89' lang='lat' dir='ltr'><strong>de</strong></span> <span class='ocrx_word' id='word_1_173' title='bbox 1995 1721 2258 1770; x_wconf 82' lang='lat' dir='ltr'><strong>Aristarchi</strong></span> <span class='ocrx_word' id='word_1_174' title='bbox 2293 1720 2468 1770; x_wconf 88' lang='lat' dir='ltr'><strong>iudicio</strong></span> 
     </span>
     <span class='ocr_line' id='line_1_19' title="bbox 285 1800 2467 1869; baseline 0 -20"><span class='ocrx_word' id='word_1_175' title='bbox 285 1801 434 1849; x_wconf 86' lang='lat' dir='ltr'><strong>verba</strong></span> <span class='ocrx_word' id='word_1_176' title='bbox 469 1800 599 1858; x_wconf 83' lang='lat' dir='ltr'><strong>facit,</strong></span> <span class='ocrx_word' id='word_1_177' title='bbox 634 1803 697 1848; x_wconf 88' lang='lat' dir='ltr'><strong>ita</strong></span> <span class='ocrx_word' id='word_1_178' title='bbox 733 1809 783 1849; x_wconf 96' lang='grc' dir='ltr'><strong>ιιι</strong></span> <span class='ocrx_word' id='word_1_179' title='bbox 819 1804 1062 1868; x_wconf 85' lang='lat' dir='ltr'><strong>utriusque</strong></span> <span class='ocrx_word' id='word_1_180' title='bbox 1098 1805 1389 1869; x_wconf 83' lang='lat' dir='ltr'><strong>grammatici</strong></span> <span class='ocrx_word' id='word_1_181' title='bbox 1424 1804 1599 1853; x_wconf 88' lang='lat' dir='ltr'><strong>iudicia</strong></span> <span class='ocrx_word' id='word_1_182' title='bbox 1635 1803 1911 1852; x_wconf 82' lang='lat' dir='ltr'><strong>distinxisse</strong></span> <span class='ocrx_word' id='word_1_183' title='bbox 1945 1801 2177 1869; x_wconf 86' lang='lat' dir='ltr'><strong>putandus</strong></span> <span class='ocrx_word' id='word_1_184' title='bbox 2212 1806 2286 1851; x_wconf 88' lang='lat' dir='ltr'><strong>sit.</strong></span> <span class='ocrx_word' id='word_1_185' title='bbox 2333 1801 2467 1861; x_wconf 85' lang='lat' dir='ltr'><strong>Quae</strong></span> 
     </span>
     <span class='ocr_line' id='line_1_20' title="bbox 284 1881 2468 1950; baseline -0 -19"><span class='ocrx_word' id='word_1_186' title='bbox 284 1896 406 1931; x_wconf 88' lang='lat' dir='ltr'><strong>vero</strong></span> <span class='ocrx_word' id='word_1_187' title='bbox 442 1881 503 1931; x_wconf 91' lang='lat' dir='ltr'><strong>de</strong></span> <span class='ocrx_word' id='word_1_188' title='bbox 538 1881 700 1931; x_wconf 84' lang='lat' dir='ltr'><strong>verbis</strong></span> <span class='ocrx_word' id='word_1_189' title='bbox 731 1892 962 1942; x_wconf 80' lang='lat' dir='ltr'><strong>poetarum</strong></span> <span class='ocrx_word' id='word_1_190' title='bbox 994 1888 1157 1933; x_wconf 75' lang='lat' dir='ltr'><strong>iudicio</strong></span> <span class='ocrx_word' id='word_1_191' title='bbox 1205 1888 1376 1944; x_wconf 89' lang='lat' dir='ltr'><strong>monui,</strong></span> <span class='ocrx_word' id='word_1_192' title='bbox 1413 1885 1585 1935; x_wconf 87' lang='lat' dir='ltr'><strong>eadem</strong></span> <span class='ocrx_word' id='word_1_193' title='bbox 1619 1886 1724 1935; x_wconf 89' lang='lat' dir='ltr'><strong>fere</strong></span> <span class='ocrx_word' id='word_1_194' title='bbox 1759 1887 1940 1934; x_wconf 90' lang='lat' dir='ltr'><strong>ratione</strong></span> <span class='ocrx_word' id='word_1_195' title='bbox 1974 1887 2211 1950; x_wconf 87' lang='lat' dir='ltr'><strong>pertinent</strong></span> <span class='ocrx_word' id='word_1_196' title='bbox 2243 1882 2303 1931; x_wconf 90' lang='lat' dir='ltr'><strong>ad</strong></span> <span class='ocrx_word' id='word_1_197' title='bbox 2339 1882 2468 1931; x_wconf 89' lang='lat' dir='ltr'><strong>alte-</strong></span> 
     </span>
     <span class='ocr_line' id='line_1_21' title="bbox 284 1963 2471 2033; baseline 0.003 -25"><span class='ocrx_word' id='word_1_198' title='bbox 284 1978 379 2008; x_wconf 87' lang='lat' dir='ltr'><strong>ram</strong></span> <span class='ocrx_word' id='word_1_199' title='bbox 418 1963 670 2012; x_wconf 90' lang='lat' dir='ltr'><strong>lectionem</strong></span> <span class='ocrx_word' id='word_1_200' title='bbox 700 1974 930 2024; x_wconf 81' lang='lat' dir='ltr'><strong>poetarum</strong></span> <span class='ocrx_word' id='word_1_201' title='bbox 964 1969 1146 2023; x_wconf 80' lang='lat' dir='ltr'><strong>iudices,</strong></span> <span class='ocrx_word' id='word_1_202' title='bbox 1183 1982 1302 2030; x_wconf 89' lang='lat' dir='ltr'><strong>quae</strong></span> <span class='ocrx_word' id='word_1_203' title='bbox 1331 1969 1520 2033; x_wconf 91' lang='lat' dir='ltr'><strong>insuper</strong></span> <span class='ocrx_word' id='word_1_204' title='bbox 1556 1971 1692 2016; x_wconf 86' lang='lat' dir='ltr'><strong>etiam</strong></span> <span class='ocrx_word' id='word_1_205' title='bbox 1730 1984 1791 2016; x_wconf 90' lang='lat' dir='ltr'><strong>eo</strong></span> <span class='ocrx_word' id='word_1_206' title='bbox 1827 1967 2027 2026; x_wconf 89' lang='lat' dir='ltr'><strong>laborat,</strong></span> <span class='ocrx_word' id='word_1_207' title='bbox 2063 1965 2189 2030; x_wconf 91' lang='lat' dir='ltr'><strong>quod</strong></span> <span class='ocrx_word' id='word_1_208' title='bbox 2224 1964 2471 2015; x_wconf 63' lang='lat' dir='ltr'><strong>admodum</strong></span> 
     </span>
     <span class='ocr_line' id='line_1_22' title="bbox 284 2042 2466 2111; baseline 0.002 -22"><span class='ocrx_word' id='word_1_209' title='bbox 284 2042 535 2107; x_wconf 85' lang='lat' dir='ltr'><strong>languidae</strong></span> <span class='ocrx_word' id='word_1_210' title='bbox 572 2047 878 2110; x_wconf 90' lang='lat' dir='ltr'><strong>appositionis</strong></span> <span class='ocrx_word' id='word_1_211' title='bbox 915 2048 1119 2111; x_wconf 81' lang='lat' dir='ltr'><strong>speciem</strong></span> <span class='ocrx_word' id='word_1_212' title='bbox 1154 2062 1271 2111; x_wconf 88' lang='lat' dir='ltr'><strong>prae</strong></span> <span class='ocrx_word' id='word_1_213' title='bbox 1306 2064 1363 2097; x_wconf 89' lang='lat' dir='ltr'><strong>se</strong></span> <span class='ocrx_word' id='word_1_214' title='bbox 1398 2049 1517 2099; x_wconf 85' lang='lat' dir='ltr'><strong>fert:</strong></span> <span class='ocrx_word' id='word_1_215' title='bbox 1554 2051 1593 2095; x_wconf 90' lang='lat' dir='ltr'><strong>si</strong></span> <span class='ocrx_word' id='word_1_216' title='bbox 1630 2064 1750 2097; x_wconf 87' lang='lat' dir='ltr'><strong>vero</strong></span> <span class='ocrx_word' id='word_1_217' title='bbox 1784 2046 1977 2101; x_wconf 85' lang='lat' dir='ltr'><strong>honoris</strong></span> <span class='ocrx_word' id='word_1_218' title='bbox 2014 2062 2184 2095; x_wconf 84' lang='lat' dir='ltr'><strong>caussa</strong></span> <span class='ocrx_word' id='word_1_219' title='bbox 2215 2044 2466 2105; x_wconf 78' lang='lat' dir='ltr'><strong>Quintilia-</strong></span> 
     </span>
     <span class='ocr_line' id='line_1_23' title="bbox 283 2123 2465 2195; baseline 0.003 -24"><span class='ocrx_word' id='word_1_220' title='bbox 283 2140 372 2171; x_wconf 91' lang='lat' dir='ltr'><strong>nus</strong></span> <span class='ocrx_word' id='word_1_221' title='bbox 408 2123 606 2183; x_wconf 89' lang='lat' dir='ltr'><strong>adiecit,</strong></span> <span class='ocrx_word' id='word_1_222' title='bbox 641 2125 1001 2191; x_wconf 84' lang='lat' dir='ltr'><strong>Aristophanem</strong></span> <span class='ocrx_word' id='word_1_223' title='bbox 1045 2132 1095 2175; x_wconf 91' lang='lat' dir='ltr'><strong>et</strong></span> <span class='ocrx_word' id='word_1_224' title='bbox 1130 2127 1451 2178; x_wconf 88' lang='lat' dir='ltr'><strong>Aristarchum</strong></span> <span class='ocrx_word' id='word_1_225' title='bbox 1486 2136 1727 2195; x_wconf 87' lang='lat' dir='ltr'><strong>poetarum</strong></span> <span class='ocrx_word' id='word_1_226' title='bbox 1762 2128 1942 2178; x_wconf 89' lang='lat' dir='ltr'><strong>iudices</strong></span> <span class='ocrx_word' id='word_1_227' title='bbox 1978 2129 2151 2186; x_wconf 87' lang='lat' dir='ltr'><strong>fuisse,</strong></span> <span class='ocrx_word' id='word_1_228' title='bbox 2198 2141 2371 2176; x_wconf 89' lang='lat' dir='ltr'><strong>vereor</strong></span> <span class='ocrx_word' id='word_1_229' title='bbox 2405 2144 2465 2177; x_wconf 92' lang='lat' dir='ltr'><strong>ne</strong></span> 
     </span>
     <span class='ocr_line' id='line_1_24' title="bbox 282 2203 2464 2269; baseline 0.003 -18"><span class='ocrx_word' id='word_1_230' title='bbox 282 2206 467 2269; x_wconf 89' lang='lat' dir='ltr'><strong>ineptus</strong></span> <span class='ocrx_word' id='word_1_231' title='bbox 503 2204 660 2253; x_wconf 86' lang='lat' dir='ltr'><strong>fuerit.</strong></span> <span class='ocrx_word' id='word_1_232' title='bbox 731 2204 869 2256; x_wconf 90' lang='lat' dir='ltr'><strong>Unde</strong></span> <span class='ocrx_word' id='word_1_233' title='bbox 904 2222 1023 2256; x_wconf 88' lang='lat' dir='ltr'><strong>vero</strong></span> <span class='ocrx_word' id='word_1_234' title='bbox 1059 2210 1146 2255; x_wconf 90' lang='lat' dir='ltr'><strong>iam</strong></span> <span class='ocrx_word' id='word_1_235' title='bbox 1181 2208 1299 2257; x_wconf 92' lang='lat' dir='ltr'><strong>illud</strong></span> <span class='ocrx_word' id='word_1_236' title='bbox 1333 2213 1541 2258; x_wconf 60' lang='lat' dir='ltr'><strong>&amp;cilicium</strong></span> <span class='ocrx_word' id='word_1_237' title='bbox 1576 2203 1791 2259; x_wconf 82' lang='lat' dir='ltr'><strong>codicum</strong></span> <span class='ocrx_word' id='word_1_238' title='bbox 1808 2208 1834 2257; x_wconf 67' lang='grc' dir='ltr'><strong>’ἒ</strong></span> <span class='ocrx_word' id='word_1_239' title='bbox 1869 2208 2007 2268; x_wconf 79' lang='lat' dir='ltr'><strong>Quod</strong></span> <span class='ocrx_word' id='word_1_240' title='bbox 2044 2211 2084 2256; x_wconf 90' lang='lat' dir='ltr'><strong>si</strong></span> <span class='ocrx_word' id='word_1_241' title='bbox 2119 2207 2325 2257; x_wconf 88' lang='lat' dir='ltr'><strong>dicamus</strong></span> <span class='ocrx_word' id='word_1_242' title='bbox 2360 2224 2464 2257; x_wconf 82' lang='lat' dir='ltr'><strong>cuni</strong></span> 
     </span>
     <span class='ocr_line' id='line_1_25' title="bbox 283 2283 2463 2354; baseline 0.001 -22"><span class='ocrx_word' id='word_1_243' title='bbox 283 2283 605 2344; x_wconf 77' lang='lat' dir='ltr'><strong>Frotschero,</strong></span> <span class='ocrx_word' id='word_1_244' title='bbox 642 2288 718 2349; x_wconf 88' lang='lat' dir='ltr'><strong>qui</strong></span> <span class='ocrx_word' id='word_1_245' title='bbox 756 2285 982 2344; x_wconf 87' lang='lat' dir='ltr'><strong>defendit,</strong></span> <span class='ocrx_word' id='word_1_246' title='bbox 1018 2288 1081 2334; x_wconf 88' lang='lat' dir='ltr'><strong>ita</strong></span> <span class='ocrx_word' id='word_1_247' title='bbox 1115 2290 1314 2352; x_wconf 89' lang='lat' dir='ltr'><strong>positum</strong></span> <span class='ocrx_word' id='word_1_248' title='bbox 1353 2305 1477 2349; x_wconf 89' lang='lat' dir='ltr'><strong>esse,</strong></span> <span class='ocrx_word' id='word_1_249' title='bbox 1513 2296 1562 2336; x_wconf 89' lang='lat' dir='ltr'><strong>ut</strong></span> <span class='ocrx_word' id='word_1_250' title='bbox 1595 2304 1681 2354; x_wconf 93' lang='lat' dir='ltr'><strong>pro</strong></span> <span class='ocrx_word' id='word_1_251' title='bbox 1717 2295 1943 2338; x_wconf 89' lang='lat' dir='ltr'><strong>concreto</strong></span> <span class='ocrx_word' id='word_1_252' title='bbox 1978 2288 2259 2335; x_wconf 89' lang='lat' dir='ltr'><strong>abstractum</strong></span> <span class='ocrx_word' id='word_1_253' title='bbox 2293 2286 2463 2335; x_wconf 89' lang='lat' dir='ltr'><strong>dictum</strong></span> 
     </span>
     <span class='ocr_line' id='line_1_26' title="bbox 283 2364 2461 2434; baseline 0.002 -24"><span class='ocrx_word' id='word_1_254' title='bbox 283 2365 358 2423; x_wconf 89' lang='lat' dir='ltr'><strong>sit,</strong></span> <span class='ocrx_word' id='word_1_255' title='bbox 393 2364 589 2415; x_wconf 77' lang='lat' dir='ltr'><strong>Fabium</strong></span> <span class='ocrx_word' id='word_1_256' title='bbox 625 2365 836 2414; x_wconf 85' lang='lat' dir='ltr'><strong>dicemus</strong></span> <span class='ocrx_word' id='word_1_257' title='bbox 871 2367 1029 2431; x_wconf 89' lang='lat' dir='ltr'><strong>inepte</strong></span> <span class='ocrx_word' id='word_1_258' title='bbox 1064 2367 1328 2432; x_wconf 85' lang='lat' dir='ltr'><strong>scripsisse.</strong></span> <span class='ocrx_word' id='word_1_259' title='bbox 1398 2369 1529 2417; x_wconf 90' lang='lat' dir='ltr'><strong>Nihil</strong></span> <span class='ocrx_word' id='word_1_260' title='bbox 1563 2384 1682 2417; x_wconf 88' lang='lat' dir='ltr'><strong>vero</strong></span> <span class='ocrx_word' id='word_1_261' title='bbox 1718 2368 1891 2429; x_wconf 88' lang='lat' dir='ltr'><strong>horum,</strong></span> <span class='ocrx_word' id='word_1_262' title='bbox 1939 2370 2120 2434; x_wconf 87' lang='lat' dir='ltr'><strong>opinor,</strong></span> <span class='ocrx_word' id='word_1_263' title='bbox 2165 2370 2366 2432; x_wconf 84' lang='lat' dir='ltr'><strong>scripsit,</strong></span> <span class='ocrx_word' id='word_1_264' title='bbox 2419 2371 2461 2416; x_wconf 90' lang='lat' dir='ltr'><strong>si</strong></span> 
     </span>
     <span class='ocr_line' id='line_1_27' title="bbox 233 2443 2462 2516; baseline 0.004 -28"><span class='ocrx_word' id='word_1_265' title='bbox 233 2484 236 2488; x_wconf 89' lang='lat'><strong>.</strong></span> <span class='ocrx_word' id='word_1_266' title='bbox 284 2443 472 2508; x_wconf 89' lang='lat' dir='ltr'><strong>quidem</strong></span> <span class='ocrx_word' id='word_1_267' title='bbox 507 2453 639 2496; x_wconf 91' lang='lat' dir='ltr'><strong>recte</strong></span> <span class='ocrx_word' id='word_1_268' title='bbox 675 2460 854 2496; x_wconf 87' lang='lat' dir='ltr'><strong>censeo</strong></span> <span class='ocrx_word' id='word_1_269' title='bbox 890 2446 1040 2496; x_wconf 89' lang='lat' dir='ltr'><strong>verba</strong></span> <span class='ocrx_word' id='word_1_270' title='bbox 1089 2450 1300 2496; x_wconf 81' lang='lat' dir='ltr'><strong>iudicium</strong></span> <span class='ocrx_word' id='word_1_271' title='bbox 1347 2459 1600 2509; x_wconf 78' lang='lat' dir='ltr'><strong>poetarum,</strong></span> <span class='ocrx_word' id='word_1_272' title='bbox 1653 2464 1716 2499; x_wconf 87' lang='lat' dir='ltr'><strong>ex</strong></span> <span class='ocrx_word' id='word_1_273' title='bbox 1770 2449 1936 2516; x_wconf 91' lang='lat' dir='ltr'><strong>quibus</strong></span> <span class='ocrx_word' id='word_1_274' title='bbox 1987 2448 2197 2513; x_wconf 88' lang='lat' dir='ltr'><strong>reliquae</strong></span> <span class='ocrx_word' id='word_1_275' title='bbox 2243 2448 2462 2498; x_wconf 88' lang='lat' dir='ltr'><strong>lectionis</strong></span> 
     </span>
     <span class='ocr_line' id='line_1_28' title="bbox 284 2524 2460 2599; baseline 0.004 -27"><span class='ocrx_word' id='word_1_276' title='bbox 284 2524 627 2593; x_wconf 89' lang='lat' dir='ltr'><strong>discrepantiae</strong></span> <span class='ocrx_word' id='word_1_277' title='bbox 657 2535 1006 2595; x_wconf 89' lang='lat' dir='ltr'><strong>promanarunt,</strong></span> <span class='ocrx_word' id='word_1_278' title='bbox 1041 2545 1071 2576; x_wconf 87' lang='lat' dir='ltr'><strong>a</strong></span> <span class='ocrx_word' id='word_1_279' title='bbox 1105 2528 1320 2590; x_wconf 83' lang='lat' dir='ltr'><strong>librario,</strong></span> <span class='ocrx_word' id='word_1_280' title='bbox 1366 2533 1441 2595; x_wconf 90' lang='lat' dir='ltr'><strong>qui</strong></span> <span class='ocrx_word' id='word_1_281' title='bbox 1475 2529 1537 2580; x_wconf 89' lang='lat' dir='ltr'><strong>de</strong></span> <span class='ocrx_word' id='word_1_282' title='bbox 1573 2539 1809 2599; x_wconf 87' lang='lat' dir='ltr'><strong>poetarum</strong></span> <span class='ocrx_word' id='word_1_283' title='bbox 1845 2548 2047 2582; x_wconf 86' lang='lat' dir='ltr'><strong>censura</strong></span> <span class='ocrx_word' id='word_1_284' title='bbox 2081 2530 2158 2579; x_wconf 94' lang='lat' dir='ltr'><strong>hic</strong></span> <span class='ocrx_word' id='word_1_285' title='bbox 2192 2532 2273 2595; x_wconf 89' lang='lat' dir='ltr'><strong>agi</strong></span> <span class='ocrx_word' id='word_1_286' title='bbox 2305 2529 2460 2580; x_wconf 91' lang='lat' dir='ltr'><strong>adno-</strong></span> 
     </span>
     <span class='ocr_line' id='line_1_29' title="bbox 282 2606 2460 2680; baseline 0.004 -27"><span class='ocrx_word' id='word_1_287' title='bbox 282 2612 384 2655; x_wconf 88' lang='lat' dir='ltr'><strong>tare</strong></span> <span class='ocrx_word' id='word_1_288' title='bbox 420 2608 629 2670; x_wconf 85' lang='lat' dir='ltr'><strong>volebat,</strong></span> <span class='ocrx_word' id='word_1_289' title='bbox 665 2611 857 2675; x_wconf 81' lang='lat' dir='ltr'><strong>mar&#39;gini</strong></span> <span class='ocrx_word' id='word_1_290' title='bbox 892 2608 1126 2676; x_wconf 87' lang='lat' dir='ltr'><strong>adscripta</strong></span> <span class='ocrx_word' id='word_1_291' title='bbox 1160 2606 1321 2671; x_wconf 84' lang='lat' dir='ltr'><strong>fuisse,</strong></span> <span class='ocrx_word' id='word_1_292' title='bbox 1357 2610 1481 2662; x_wconf 89' lang='lat' dir='ltr'><strong>uude</strong></span> <span class='ocrx_word' id='word_1_293' title='bbox 1516 2614 1562 2660; x_wconf 88' lang='lat' dir='ltr'><strong>in</strong></span> <span class='ocrx_word' id='word_1_294' title='bbox 1598 2616 1700 2680; x_wconf 88' lang='lat' dir='ltr'><strong>ipsa</strong></span> <span class='ocrx_word' id='word_1_295' title='bbox 1742 2621 1969 2663; x_wconf 82' lang='lat' dir='ltr'><strong>contexta</strong></span> <span class='ocrx_word' id='word_1_296' title='bbox 2000 2610 2293 2679; x_wconf 87' lang='lat' dir='ltr'><strong>postmodum</strong></span> <span class='ocrx_word' id='word_1_297' title='bbox 2329 2618 2460 2661; x_wconf 87' lang='lat' dir='ltr'><strong>tran-</strong></span> 
     </span>
     <span class='ocr_line' id='line_1_30' title="bbox 284 2688 2461 2759; baseline 0.005 -27"><span class='ocrx_word' id='word_1_298' title='bbox 284 2688 491 2747; x_wconf 86' lang='lat' dir='ltr'><strong>sierunt,</strong></span> <span class='ocrx_word' id='word_1_299' title='bbox 539 2690 708 2739; x_wconf 84' lang='lat' dir='ltr'><strong>eodeni</strong></span> <span class='ocrx_word' id='word_1_300' title='bbox 762 2690 903 2757; x_wconf 90' lang='lat' dir='ltr'><strong>plane</strong></span> <span class='ocrx_word' id='word_1_301' title='bbox 964 2690 1130 2751; x_wconf 84' lang='lat' dir='ltr'><strong>modo,</strong></span> <span class='ocrx_word' id='word_1_302' title='bbox 1192 2708 1284 2755; x_wconf 93' lang='lat' dir='ltr'><strong>quo</strong></span> <span class='ocrx_word' id='word_1_303' title='bbox 1344 2692 1461 2739; x_wconf 92' lang='lat' dir='ltr'><strong>illud</strong></span> <span class='ocrx_word' id='word_1_304' title='bbox 1511 2695 1685 2747; x_wconf 82' lang='grc' dir='ltr'>ἔπαινος</span> <span class='ocrx_word' id='word_1_305' title='bbox 1733 2695 1943 2759; x_wconf 83' lang='grc' dir='ltr'><strong>Αἰσχίνου</strong></span> <span class='ocrx_word' id='word_1_306' title='bbox 1989 2695 2036 2740; x_wconf 88' lang='lat' dir='ltr'><strong>in</strong></span> <span class='ocrx_word' id='word_1_307' title='bbox 2088 2691 2309 2741; x_wconf 88' lang='lat' dir='ltr'><strong>Philostr.</strong></span> <span class='ocrx_word' id='word_1_308' title='bbox 2362 2694 2461 2742; x_wconf 85' lang='lat' dir='ltr'><strong>Vit.</strong></span> 
     </span>
     <span class='ocr_line' id='line_1_31' title="bbox 282 2764 2462 2838; baseline 0.004 -23"><span class='ocrx_word' id='word_1_309' title='bbox 282 2764 434 2834; x_wconf 86' lang='lat' dir='ltr'><strong>Soph.</strong></span> <span class='ocrx_word' id='word_1_310' title='bbox 465 2770 510 2829; x_wconf 85' lang='lat' dir='ltr'><strong>J,</strong></span> <span class='ocrx_word' id='word_1_311' title='bbox 548 2769 629 2831; x_wconf 84' lang='lat'><strong>18,</strong></span> <span class='ocrx_word' id='word_1_312' title='bbox 674 2771 706 2820; x_wconf 89' lang='grc'><strong>3</strong></span> <span class='ocrx_word' id='word_1_313' title='bbox 752 2771 1003 2822; x_wconf 88' lang='lat' dir='ltr'><strong>verborum</strong></span> <span class='ocrx_word' id='word_1_314' title='bbox 1041 2770 1251 2821; x_wconf 88' lang='lat' dir='ltr'><strong>ordinem</strong></span> <span class='ocrx_word' id='word_1_315' title='bbox 1286 2774 1480 2833; x_wconf 87' lang='lat' dir='ltr'><strong>invasit,</strong></span> <span class='ocrx_word' id='word_1_316' title='bbox 1527 2772 1770 2822; x_wconf 89' lang='lat' dir='ltr'><strong>codicibus</strong></span> <span class='ocrx_word' id='word_1_317' title='bbox 1814 2773 2012 2838; x_wconf 89' lang='lat' dir='ltr'><strong>aliquot,</strong></span> <span class='ocrx_word' id='word_1_318' title='bbox 2058 2779 2108 2820; x_wconf 93' lang='lat' dir='ltr'><strong>ut</strong></span> <span class='ocrx_word' id='word_1_319' title='bbox 2142 2773 2255 2823; x_wconf 92' lang='lat' dir='ltr'><strong>olim</strong></span> <span class='ocrx_word' id='word_1_320' title='bbox 2291 2777 2462 2835; x_wconf 90' lang='lat' dir='ltr'><strong>monui,</strong></span> 
     </span>
     <span class='ocr_line' id='line_1_32' title="bbox 281 2849 2463 2920; baseline 0.005 -26"><span class='ocrx_word' id='word_1_321' title='bbox 281 2849 425 2914; x_wconf 88' lang='lat' dir='ltr'><strong>ipsam</strong></span> <span class='ocrx_word' id='word_1_322' title='bbox 455 2852 755 2920; x_wconf 87' lang='lat' dir='ltr'><strong>corruptelae</strong></span> <span class='ocrx_word' id='word_1_323' title='bbox 779 2854 1010 2919; x_wconf 87' lang='lat' dir='ltr'><strong>originem</strong></span> <span class='ocrx_word' id='word_1_324' title='bbox 1039 2851 1305 2902; x_wconf 88' lang='lat' dir='ltr'><strong>luculenter</strong></span> <span class='ocrx_word' id='word_1_325' title='bbox 1324 2853 1676 2903; x_wconf 87' lang='lat' dir='ltr'><strong>ostendentibus</strong></span> <span class='ocrx_word' id='word_1_326' title='bbox 1696 2856 1756 2915; x_wconf 82' lang='lat'><strong>⁴).</strong></span> <span class='ocrx_word' id='word_1_327' title='bbox 1808 2855 1969 2918; x_wconf 91' lang='lat' dir='ltr'><strong>Atque</strong></span> <span class='ocrx_word' id='word_1_328' title='bbox 1992 2853 2259 2913; x_wconf 85' lang='lat' dir='ltr'><strong>Quintiliani</strong></span> <span class='ocrx_word' id='word_1_329' title='bbox 2281 2861 2463 2905; x_wconf 85' lang='lat' dir='ltr'><strong>textum</strong></span> 
     </span>
     <span class='ocr_line' id='line_1_33' title="bbox 282 2928 2463 3002; baseline 0.004 -26"><span class='ocrx_word' id='word_1_330' title='bbox 282 2928 583 2993; x_wconf 86' lang='lat' dir='ltr'><strong>glossematis</strong></span> <span class='ocrx_word' id='word_1_331' title='bbox 634 2936 808 3002; x_wconf 87' lang='lat' dir='ltr'><strong>passim</strong></span> <span class='ocrx_word' id='word_1_332' title='bbox 862 2932 1240 2983; x_wconf 87' lang='lat' dir='ltr'><strong>commaculatum</strong></span> <span class='ocrx_word' id='word_1_333' title='bbox 1294 2948 1406 2984; x_wconf 86' lang='lat' dir='ltr'><strong>esse</strong></span> <span class='ocrx_word' id='word_1_334' title='bbox 1456 2934 1659 2984; x_wconf 87' lang='lat' dir='ltr'><strong>ostendit</strong></span> <span class='ocrx_word' id='word_1_335' title='bbox 1711 2934 1926 3001; x_wconf 85' lang='lat' dir='ltr'><strong>exemplo</strong></span> <span class='ocrx_word' id='word_1_336' title='bbox 1962 2933 2135 2984; x_wconf 91' lang='lat' dir='ltr'><strong>idoneo</strong></span> <span class='ocrx_word' id='word_1_337' title='bbox 2172 2934 2463 3002; x_wconf 88' lang='lat' dir='ltr'><strong>Spengelius</strong></span> 
     </span>
     <span class='ocr_line' id='line_1_34' title="bbox 282 3011 1589 3083; baseline 0.005 -26"><span class='ocrx_word' id='word_1_338' title='bbox 282 3011 388 3058; x_wconf 86' lang='lat' dir='ltr'><strong>Art.</strong></span> <span class='ocrx_word' id='word_1_339' title='bbox 423 3015 582 3081; x_wconf 86' lang='lat' dir='ltr'><strong>script.</strong></span> <span class='ocrx_word' id='word_1_340' title='bbox 616 3033 661 3083; x_wconf 90' lang='lat' dir='ltr'><strong>p.</strong></span> <span class='ocrx_word' id='word_1_341' title='bbox 699 3014 813 3064; x_wconf 79' lang='lat'><strong>184.</strong></span> <span class='ocrx_word' id='word_1_342' title='bbox 882 3014 995 3064; x_wconf 90' lang='lat' dir='ltr'><strong>Alia</strong></span> <span class='ocrx_word' id='word_1_343' title='bbox 1028 3016 1125 3062; x_wconf 88' lang='lat' dir='ltr'><strong>suis</strong></span> <span class='ocrx_word' id='word_1_344' title='bbox 1161 3014 1284 3063; x_wconf 88' lang='lat' dir='ltr'><strong>locis</strong></span> <span class='ocrx_word' id='word_1_345' title='bbox 1317 3016 1589 3065; x_wconf 88' lang='lat' dir='ltr'><strong>notabimus.</strong></span> 
     </span>
    </p>
   </div>
   <div class='ocr_carea' id='block_1_4' title="bbox 281 3135 2463 3304">
    <p class='ocr_par' dir='ltr' id='par_1_4' title="bbox 281 3135 2463 3304">
     <span class='ocr_line' id='line_1_35' title="bbox 420 3135 2461 3188; baseline 0.001 -13"><span class='ocrx_word' id='word_1_346' title='bbox 420 3135 459 3182; x_wconf 80' lang='grc'><strong>3)</strong></span> <span class='ocrx_word' id='word_1_347' title='bbox 508 3135 601 3176; x_wconf 81' lang='lat' dir='ltr'><strong>Bihl.</strong></span> <span class='ocrx_word' id='word_1_348' title='bbox 627 3143 712 3177; x_wconf 86' lang='lat' dir='ltr'><strong>crit.</strong></span> <span class='ocrx_word' id='word_1_349' title='bbox 735 3153 818 3177; x_wconf 81' lang='lat' dir='ltr'><strong>nov.</strong></span> <span class='ocrx_word' id='word_1_350' title='bbox 841 3140 925 3178; x_wconf 89' lang='lat' dir='ltr'><strong>Vol.</strong></span> <span class='ocrx_word' id='word_1_351' title='bbox 951 3139 1014 3175; x_wconf 79' lang='lat'><strong>111.</strong></span> <span class='ocrx_word' id='word_1_352' title='bbox 1039 3150 1073 3186; x_wconf 86' lang='lat' dir='ltr'><strong>p.</strong></span> <span class='ocrx_word' id='word_1_353' title='bbox 1098 3141 1178 3175; x_wconf 78' lang='lat'><strong>276.</strong></span> <span class='ocrx_word' id='word_1_354' title='bbox 1418 3142 1579 3188; x_wconf 87' lang='lat' dir='ltr'><strong>apprime</strong></span> <span class='ocrx_word' id='word_1_355' title='bbox 1605 3140 1675 3175; x_wconf 88' lang='lat' dir='ltr'><strong>duo</strong></span> <span class='ocrx_word' id='word_1_356' title='bbox 1706 3140 1838 3175; x_wconf 87' lang='lat' dir='ltr'><strong>docent</strong></span> <span class='ocrx_word' id='word_1_357' title='bbox 1853 3139 2018 3188; x_wconf 84' lang='lat' dir='ltr'><strong>exempla</strong></span> <span class='ocrx_word' id='word_1_358' title='bbox 2042 3150 2139 3176; x_wconf 83' lang='lat' dir='ltr'><strong>nunc</strong></span> <span class='ocrx_word' id='word_1_359' title='bbox 2166 3140 2378 3178; x_wconf 85' lang='lat' dir='ltr'><strong>inScholiis</strong></span> <span class='ocrx_word' id='word_1_360' title='bbox 2400 3153 2461 3178; x_wconf 87' lang='lat' dir='ltr'><strong>re—</strong></span> 
     </span>
     <span class='ocr_line' id='line_1_36' title="bbox 419 3194 2463 3246; baseline 0.004 -20"><span class='ocrx_word' id='word_1_361' title='bbox 419 3195 458 3237; x_wconf 72' lang='lat'><strong>4)</strong></span> <span class='ocrx_word' id='word_1_362' title='bbox 507 3194 548 3231; x_wconf 85' lang='lat' dir='ltr'><strong>V.</strong></span> <span class='ocrx_word' id='word_1_363' title='bbox 567 3194 695 3234; x_wconf 84' lang='lat' dir='ltr'><strong>Wolfii</strong></span> <span class='ocrx_word' id='word_1_364' title='bbox 715 3199 818 3234; x_wconf 85' lang='lat' dir='ltr'><strong>Anal.</strong></span> <span class='ocrx_word' id='word_1_365' title='bbox 840 3200 908 3235; x_wconf 88' lang='lat' dir='ltr'><strong>litt.</strong></span> <span class='ocrx_word' id='word_1_366' title='bbox 929 3197 968 3232; x_wconf 90' lang='grc' dir='ltr'><strong>Τ.</strong></span> <span class='ocrx_word' id='word_1_367' title='bbox 987 3197 1046 3234; x_wconf 88' lang='lat' dir='ltr'><strong>lV.</strong></span> <span class='ocrx_word' id='word_1_368' title='bbox 1071 3209 1105 3245; x_wconf 90' lang='lat' dir='ltr'><strong>p.</strong></span> <span class='ocrx_word' id='word_1_369' title='bbox 1131 3199 1210 3232; x_wconf 72' lang='lat'><strong>532.</strong></span> <span class='ocrx_word' id='word_1_370' title='bbox 1240 3197 1319 3232; x_wconf 79' lang='lat' dir='ltr'><strong>Hoc</strong></span> <span class='ocrx_word' id='word_1_371' title='bbox 1413 3198 1542 3245; x_wconf 86' lang='lat' dir='ltr'><strong>posita,</strong></span> <span class='ocrx_word' id='word_1_372' title='bbox 1586 3197 1713 3236; x_wconf 79' lang='grc' dir='ltr'>ἔπαινος</span> <span class='ocrx_word' id='word_1_373' title='bbox 1751 3195 1883 3233; x_wconf 79' lang='grc' dir='ltr'><strong>ὁπλίτου</strong></span> <span class='ocrx_word' id='word_1_374' title='bbox 1922 3197 2144 3245; x_wconf 84' lang='lat' dir='ltr'><strong>adscriptum</strong></span> <span class='ocrx_word' id='word_1_375' title='bbox 2187 3198 2307 3246; x_wconf 87' lang='lat' dir='ltr'><strong>Eurip.</strong></span> <span class='ocrx_word' id='word_1_376' title='bbox 2352 3198 2463 3236; x_wconf 77' lang='lat' dir='ltr'><strong>Herc.</strong></span> 
     </span>
     <span class='ocr_line' id='line_1_37' title="bbox 281 3250 2399 3304; baseline 0.002 -17"><span class='ocrx_word' id='word_1_377' title='bbox 281 3261 398 3297; x_wconf 71' lang='lat' dir='ltr'><strong>genus</strong></span> <span class='ocrx_word' id='word_1_378' title='bbox 421 3250 663 3291; x_wconf 72' lang='lat' dir='ltr'><strong>adnotationis</strong></span> <span class='ocrx_word' id='word_1_379' title='bbox 687 3257 959 3304; x_wconf 81' lang='lat' dir='ltr'><strong>glossographis</strong></span> <span class='ocrx_word' id='word_1_380' title='bbox 985 3255 1161 3292; x_wconf 80' lang='lat' dir='ltr'><strong>familiare</strong></span> <span class='ocrx_word' id='word_1_381' title='bbox 1195 3255 1324 3302; x_wconf 72' lang='lat' dir='ltr'><strong>fuisso,</strong></span> <span class='ocrx_word' id='word_1_382' title='bbox 1416 3255 1453 3290; x_wconf 81' lang='lat' dir='ltr'><strong>F.</strong></span> <span class='ocrx_word' id='word_1_383' title='bbox 1481 3257 1559 3296; x_wconf 70' lang='lat'><strong>¹60,</strong></span> <span class='ocrx_word' id='word_1_384' title='bbox 1585 3262 1620 3292; x_wconf 88' lang='lat' dir='ltr'><strong>et</strong></span> <span class='ocrx_word' id='word_1_385' title='bbox 1643 3254 1740 3304; x_wconf 73' lang='grc' dir='ltr'>ψόγος</span> <span class='ocrx_word' id='word_1_386' title='bbox 1766 3255 1963 3304; x_wconf 70' lang='grc' dir='ltr'><strong>’Ἡρακλέους</strong></span> <span class='ocrx_word' id='word_1_387' title='bbox 1987 3257 2032 3297; x_wconf 72' lang='grc' dir='ltr'><strong>ὡς</strong></span> <span class='ocrx_word' id='word_1_388' title='bbox 2054 3257 2183 3298; x_wconf 72' lang='grc' dir='ltr'>τοξότου</span> <span class='ocrx_word' id='word_1_389' title='bbox 2208 3257 2294 3293; x_wconf 85' lang='lat' dir='ltr'><strong>ibid.</strong></span> <span class='ocrx_word' id='word_1_390' title='bbox 2324 3260 2399 3292; x_wconf 68' lang='lat'><strong>15⁴.</strong></span> 
     </span>
    </p>
   </div>
   <div class='ocr_carea' id='block_1_5' title="bbox 2111 3316 2138 3357">
    <p class='ocr_par' dir='ltr' id='par_1_5' title="bbox 2111 3316 2138 3357">
     <span class='ocr_line' id='line_1_38' title="bbox 2111 3316 2138 3357; baseline 0 0"><span class='ocrx_word' id='word_1_391' title='bbox 2111 3316 2138 3357; x_wconf 82' lang='lat'><strong>2</strong></span> 
     </span>
    </p>
   </div>
  </div>
 </body>
</html>
