3040 3729
1158 420 1499 472 -13—

232 569 374 625 esset,
409 575 554 610 aureo
587 561 771 628 plectro
808 576 911 612 eum
948 561 1133 626 dignum
1167 559 1472 620 Quintilianus
1507 564 1741 621 censeret,
1777 576 1898 626 quae
1937 561 2168 609 sententia
2203 576 2318 611 sane
2352 577 2417 613 ex

229 644 434 695 lectione
468 644 574 703 qm'a
607 640 772 707 prodit,
807 656 982 692 vereor
1016 657 1076 691 ne
1111 640 1222 706 quid
1256 638 1470 700 dixisset,
1503 638 1629 704 quod
1662 640 1721 690 ab
1755 638 1850 691 boc
1884 639 2009 700 loco,
2061 639 2139 691 ubi
2190 647 2418 705 quatenus

228 727 399 792 poetae
428 720 552 770 illius
583 723 813 787 ingenium
850 728 898 771 et
934 721 1141 771 elocutio
1173 720 1233 771 ad
1269 707 1501 771 omioaem
1542 719 1826 771 formandum
1871 720 2118 771 conferant
2152 724 2415 788 exponitur,

228 803 412 855 omuino
444 800 644 851 alienum
680 800 861 852 fuisset.
932 802 1000 851 At
1044 818 1162 853 vero
1210 817 1342 866 quam
1390 816 1492 850 cum
1534 801 1764 867 prioribus
1811 800 2067 852 editoribus
2112 800 2417 868 Spaldingius

227 883 474 933 lectionem
510 881 717 932 exhibuit
752 900 854 943 ouo,
890 898 991 932 eum
1026 882 1355 933 parisiensium
1392 897 1510 930 unus
1552 881 1874 932 confirmavit:
1920 882 2084 946 quibus
2119 897 2244 931 nunc
2279 885 2415 931 etiam

227 960 469 1025 Bamberg.
510 964 715 1011 accessit
765 978 917 1027 neque
964 978 1058 1027 ego
1097 965 1143 1011 in
1187 969 1277 1011 tam
1323 961 1551 1026 frequenti
1609 963 1848 1026 utriusque
1893 961 2096 1011 voculae
2136 961 2416 1013 confusione

225 1045 270 1093 in
306 1041 425 1092 Mss.
462 1045 738 1093 tenerarium
773 1058 1032 1104 censerem,
1068 1045 1142 1108 qui
1177 1047 1282 1105 maia
1316 1041 1397 1093 vel
1429 1043 1596 1109 invitis⁸
1620 1040 1862 1092 codicibus
1897 1045 2199 1108 reposuisset.

951 1156 995 1193 et
1025 1150 1282 1208 pleramque
1313 1148 1505 1193 Homero
1538 1147 1697 1192 similis

224 1249 298 1297 Ita
349 1248 531 1313 quidem
582 1248 888 1316 Spaldingius
936 1265 1000 1299 ex
1051 1254 1339 1317 superiorum
1385 1247 1661 1298 editionibus
1695 1249 1936 1313 vulgavit,
1995 1255 2128 1299 recte
2179 1256 2331 1299 tamen
2365 1253 2412 1298 in

224 1331 348 1378 notis
382 1322 577 1378 monens
623 1336 788 1379 oratori
834 1346 920 1397 pro
958 1334 1174 1388 Homero,
1212 1328 1338 1395 quod
1373 1331 1559 1395 primum
1594 1331 1639 1376 in
1676 1328 1750 1377 ed.
1804 1328 2082 1379 Coloniensi
2121 1329 2254 1378 1527
2291 1335 2414 1378 teste

224 1407 531 1479 Frotschero,
567 1426 632 1459 ex
668 1413 957 1470 coniectura,
992 1418 1041 1459 ut
1092 1418 1255 1477 putare
1299 1408 1372 1457 fas
1423 1413 1522 1468 est,
1579 1410 1846 1476 comparuit,
1901 1408 2235 1458 restituendum
2288 1424 2415 1471 esse,

224 1488 273 1537 id
307 1488 433 1553 quod
469 1500 811 1556 expresserunt
846 1507 968 1541 nunc
1004 1498 1056 1540 et
1101 1489 1420 1541 Frotscherus
1455 1496 1504 1539 et
1556 1488 1889 1538 Gernhardius.
1959 1488 2063 1539 Sed
2116 1489 2243 1555 quod
2277 1489 2415 1539 iidem

223 1563 326 1617 cum
362 1573 538 1619 ceteris
574 1573 860 1620 retinuerunt
894 1582 938 1619 et
967 1575 1251 1632 plerumque,
1316 1570 1363 1618 id
1397 1586 1573 1619 vereor
1615 1576 1665 1617 ut
1708 1571 1953 1633 genuinum
1997 1571 2081 1628 sit,
2137 1559 2177 1616 si
2230 1569 2415 1633 quidem

221 1648 473 1714 parendum
511 1656 586 1699 est
619 1651 877 1710 codicibus,
913 1668 1105 1715 quorum
1139 1650 1269 1699 mor.
1304 1649 1504 1715 Guelph.
1540 1663 1645 1697 cum
1681 1647 1787 1697 edd.
1833 1646 2051 1697 Sichard.
2086 1648 2229 1697 Basil.
2276 1649 2410 1697 aliis-

225 1743 317 1792 que
348 1731 707 1791 phu-imumque;
742 1731 847 1779 Par.
882 1730 915 1778 2
948 1733 1203 1791 plurinmm,
1247 1729 1355 1778 Par.
1395 1731 1420 1777 1
1459 1744 1563 1778 cum
1600 1727 1763 1794 Camp.
1804 1737 1850 1774 et
1876 1730 2130 1787 plurimum.
2203 1728 2412 1793 Vulgata

223 1809 366 1872 igitur
399 1807 558 1869 lectio,
593 1827 732 1874 quum
761 1810 867 1860 sola
908 1813 1185 1859 auctoritate
1235 1808 1397 1858 Turic.
1450 1809 1607 1857 Bamb.
1641 1815 1691 1857 et
1724 1806 1867 1858 Goth.
1905 1810 2097 1867 nitatur,
2150 1810 2189 1855 si
2226 1806 2410 1872 quidem

224 1890 290 1936 ita
324 1903 390 1937 ex
425 1888 610 1938 silentio
647 1889 873 1940 editorum
920 1891 1157 1938 coniicere
1193 1887 1264 1936 fas
1300 1896 1396 1948 est,
1450 1889 1590 1939 cedat
1625 1893 1811 1955 oportet
1861 1887 2008 1937 alteri.
2079 1888 2239 1937 Utrum
2290 1904 2411 1938 vero

224 1979 270 2017 et
299 1971 557 2029 plurimum,
592 1987 650 2018 an
683 1974 1008 2032 plurimumque
1043 1968 1292 2034 legendum
1327 1972 1401 2031 sit,
1435 1970 1486 2019 id
1520 1973 1566 2018 in
1590 1968 1741 2018 medio
1763 1967 1985 2034 relinquo.
2046 1967 2269 2018 Ceterum
2307 1984 2413 2017 cum

225 2051 457 2114 scriptura
490 2057 718 2099 revocata
752 2056 932 2108 oratori,
968 2049 1029 2097 ad
1063 2066 1195 2113 quam
1229 2051 1377 2099 verbo
1411 2049 1755 2108 revertendum,
1798 2048 2106 2114 comparanda
2148 2056 2258 2096 sunt
2290 2065 2411 2112 quae

222 2134 270 2186 S.
304 2127 372 2176 65
406 2128 468 2177 de
503 2128 815 2197 Theopompo
850 2130 1135 2179 scribuntur:
1189 2139 1240 2176 ut
1288 2134 1334 2177 in
1384 2133 1569 2178 historia
1615 2131 1858 2191 praedictis
1908 2132 2075 2186 minor,
2129 2132 2194 2174 ita
2248 2132 2414 2176 oratori

222 2213 366 2270 maqis
398 2211 569 2256 sinnius.
632 2209 815 2276 ‘Neque
849 2212 890 2258 si
926 2212 1218 2277 reputaveris
1252 2225 1316 2260 ex
1351 2216 1579 2275 sequente
1624 2223 1751 2259 voce
1796 2209 1981 2274 primam
2026 2208 2223 2259 litteram
2258 2222 2410 2259 voca-

221 2290 332 2339 bulo
368 2294 536 2337 oratori
569 2289 705 2339 adiici
741 2294 966 2358 potuisse,
1001 2293 1137 2357 origo
1172 2291 1387 2340 lectionis
1421 2290 1574 2339 falsae'
1606 2293 1828 2345 orationis,
1878 2303 1998 2352 quae
2032 2291 2078 2336 in
2112 2289 2250 2338 codd.
2286 2304 2407 2337 non-

222 2368 359 2417 nullis
394 2368 555 2429 fertur,
589 2369 717 2418 latet.

1228 2515 1274 2566 s.
1311 2507 1393 2555 64.

982 2610 1258 2669 Simonides,
1293 2615 1435 2659 tenuis
1468 2613 1645 2670 alioqui.

220 2735 304 2785 Ad
336 2735 458 2785 haec
492 2734 819 2802 Spaldiugius:
873 2737 1016 2797 „Non
1053 2740 1258 2800 memini,
1308 2741 1383 2805 qni
1434 2743 1679 2804 praeterea
1713 2737 1783 2784 sic
1818 2736 1986 2783 sentiat
2021 2733 2083 2782 de
2116 2731 2407 2794 Simonide,“

220 2830 374 2880 neque
408 2831 464 2865 se
499 2817 761 2865 meminisse
793 2819 858 2864 ait
889 2816 1223 2878 Frotscherus,
1258 2834 1411 2885 neque
1447 2833 1542 2882 ego
1577 2818 1651 2881 qui
1680 2815 1866 2864 disertis
1901 2812 2061 2863 verbis
2084 2811 2257 2861 dixerit
2290 2815 2407 2863 novi

221 2909 502 2960 quemquam.
582 2895 687 2945 Sed
744 2902 903 2963 potest
957 2896 1161 2946 fortasse
1217 2898 1396 2948 laudari
1446 2899 1706 2963 Dionysius
1759 2894 1891 2954 Hal„
1944 2894 2020 2957 qui
2081 2891 2144 2940 de
2197 2906 2407 2960 compos.

220 2974 410 3023 verbor.
445 2973 527 3022 28.
562 2991 608 3041 p.
643 2974 747 3022 342
783 2975 860 3024 ed.
910 2975 1105 3027 Schaef.
1157 2976 1444 3029 Simonidem
1488 2993 1580 3026 una
1626 2991 1730 3025 cum
1774 2972 1971 3040 Sappho
2022 2973 2144 3020 inter
2188 2973 2409 3039 exempla

221 3063 497 3121 χαρακτῆρος
519 3057 748 3123 γλαφυρᾶς
777 3057 848 3105 καὶ
875 3058 1071 3123 ἀνθηρᾶς
1109 3060 1360 3114 συνθέσεως
1399 3059 1555 3108 affert:
1608 3071 1701 3120 quo
1754 3052 2029 3104 charactere
2068 3051 2332 3118 Dionysius
2367 3054 2409 3101 si

220 3147 315 3181 non
365 3150 560 3200 prorsus
611 3135 734 3186 idem
778 3152 932 3203 genus
983 3139 1206 3188 orationis
1239 3138 1480 3205 designat,
1533 3135 1658 3202 quod
1709 3137 1830 3184 inter
1873 3146 2026 3199 grave
2061 3136 2111 3180 et
2145 3131 2343 3182 medium
2377 3149 2408 3181 a

219 3209 482 3264 rhetoribus
516 3216 793 3281 collocatur,
827 3223 978 3268 tamen
1012 3221 1055 3267 is
1088 3234 1118 3267 a
1151 3234 1334 3285 genere
1367 3219 1448 3269 illo
1496 3220 1636 3286 ἰσχνῴ
1663 3231 1756 3265 non
1801 3229 1996 3282 prorsus
2048 3211 2274 3262 abludere
2325 3216 2404 3263 vi-

219 3288 378 3353 detur,
422 3296 793 3363 quandoquidem
836 3301 1022 3366 ponitur
1068 3301 1188 3350 inter
1230 3309 1483 3369 χαραπῆρα
1528 3301 1748 3366 αὐστηρᾶς
1787 3297 1995 3363 ἁρμονίας
2036 3296 2086 3343 et
2127 3303 2277 3361 κοινῆς
2315 3296 2406 3343 εἴτε
