3040 3729
1263 282 1608 332 ...16-

859 560 865 564 ἱ
1346 498 1393 550 S.
1429 490 1511 540 67.

443 610 639 667 Quonnn
672 612 719 656 iu
754 611 925 668 ‹Rapui-i
951 611 1125 655 dicendi
1152 611 1222 654 viu
1248 615 1344 681 uter
1374 611 1434 653 sit
1455 616 1589 667 poeta
1610 609 1783 663 melior,
1807 599 1922 653 inter
1948 606 2167 664 plurimos
2195 613 2430 669 quaeritur.

334 735 433 784 Pro
467 744 568 781 uter
601 732 816 781 codicum
850 736 898 795 ii,
946 736 1023 799 qui
1059 737 1374 800 maximopere
1410 738 1456 783 in
1494 751 1682 784 censum
1720 734 1942 790 veniunt,
1994 732 2277 784 Turicensis
2329 743 2377 785 et
2410 735 2532 783 Flo-

335 816 547 864 rentinus
581 813 664 863 vel
717 823 819 862 uter
864 819 1065 876 quidem,
1122 815 1201 866 vel
1254 814 1378 880 quod
1423 814 1588 865 eodem
1642 812 1800 864 redire
1845 810 2062 873 videtur,
2115 824 2308 878 uterque.
2379 798 2531 866 Cuius

333 895 556 944 lectionis
593 899 643 942 ut
677 898 890 960 vestigia
935 896 1232 960 aliquatenus
1283 901 1526 956 servaret,
1577 894 1913 953 Frotscherus‚
1950 894 2177 960 probante
2229 894 2449 946 Censore
2484 899 2531 944 in

334 974 546 1041 Paedag.
581 973 815 1042 philolog.
851 976 1205 1025 Literaturblatt
1248 975 1379 1024 1827
1413 976 1500 1024 Nr.
1535 974 1616 1022 27.
1652 992 1696 1041 p.
1738 973 1855 1035 238,
1890 983 2044 1022 uter-ne
2086 975 2334 1040 legendum
2370 981 2532 1037 suasit,

334 1056 462 1121 quod
508 1072 685 1107 vereor
732 1063 782 1106 ut
828 1059 1047 1107 Latinum
1095 1060 1174 1106 sit.
1245 1058 1308 1107 Ut
1345 1060 1466 1107 enim
1519 1058 1584 1104 ita
1620 1055 1780 1104 tulerit
1837 1054 2136 1105 consuetudo
2178 1056 2395 1120 dicendi,
2441 1062 2531 1109 etsi

337 1140 442 1184 eius
476 1135 704 1186 formulae
737 1137 911 1185 nullum
946 1138 1053 1187 mihi
1091 1137 1277 1204 quidem
1315 1138 1577 1204 exemplum
1611 1140 1658 1184 in
1694 1140 1909 1202 promptu
1944 1142 2035 1196 est,
2081 1142 2233 1187 tamen
2256 1154 2363 1188 -non
2397 1140 2533 1190 aliter

335 1216 430 1266 dici
470 1221 685 1283 potuisse
719 1221 808 1267 nisi
846 1226 1076 1285 sequente
1112 1238 1171 1268 cm
1201 1234 1305 1268 cum
1340 1219 1492 1268 altero
1526 1219 1750 1267 orationis
1785 1217 2013 1276 membro,
2048 1232 2278 1283 apparere
2322 1220 2531 1270 videtur:

336 1297 717 1363 quemadmodum
770 1317 886 1349 sane
938 1308 1142 1346 utrunme
1193 1298 1315 1366 apud
1370 1299 1567 1348 Fabium
1613 1304 1661 1346 et
1714 1298 1974 1345 Auctorem
2009 1295 2190 1362 dialogi
2230 1297 2293 1346 de
2345 1311 2532 1354 oratore

336 1378 533 1435 dicitur,
570 1393 766 1441 qnorum
787 1378 926 1428 locos
947 1382 1130 1427 notavit
1152 1377 1403 1445 Spalding.
1429 1379 1489 1427 ad
1525 1378 1588 1438 V,
1626 1378 1706 1436 11,
1742 1376 1825 1436 28,
1861 1376 2031 1439 quibus
2063 1377 2188 1427 adde
2218 1377 2337 1435 xli,
2375 1380 2422 1441 1,-
2449 1381 2530 1429 40.

335 1458 477 1519 Quod
522 1474 642 1507 vero
685 1458 808 1507 idem
855 1476 920 1509 ex
966 1458 1071 1509 Cic.
1117 1459 1181 1509 de
1233 1463 1328 1509 inv.
1371 1460 1448 1520 11,
1488 1459 1555 1507 39
1590 1460 1725 1507 affert
1759 1457 2045 1523 exemplum,
2083 1457 2131 1505 id
2166 1458 2270 1507 sola
2304 1461 2531 1522 Lambini,

335 1545 555 1604 quantum
607 1539 791 1602 quidem
828 1539 1037 1590 Orellius
1071 1542 1325 1602 adnotavit,
1368 1545 1576 1593 lectione
1627 1544 1799 1587 nititur.
1869 1540 2034 1602 Atque
2069 1537 2188 1586 illud
2222 1543 2371 1605 ipsum
2406 1532 2529 1606 ‘quod

334 1625 383 1669 in
418 1619 644 1668 Tulliano
680 1620 955 1684 fragmento,
991 1622 1117 1685 quod
1154 1623 1470 1682 Quintilianus
1522 1622 1583 1679 V,
1624 1622 1726 1678 11„
1748 1619 1815 1666 28
1866 1619 2039 1675 laudat,
2073 1623 2115 1664 εἰ
2149 1623 2292 1666 vicina
2327 1632 2407 1668 tua.
2433 1641 2530 1669 me-

336 1705 424 1748 lius
459 1703 620 1747 habeat
653 1715 825 1757 aurum,
862 1717 993 1760 quam
1029 1712 1076 1748 tu
1093 1706 1242 1761 habes,
1281 1714 1482 1751 utrumne
1500 1705 1637 1758 illius,
1674 1718 1732 1746 un
1767 1710 1888 1746 mnam
1917 1701 2064 1755 malis,
2090 1702 2383 1763 perincertae
2419 1703 2531 1752 fidei

337 1788 426 1842 est,
463 1797 600 1844 quum
637 1796 710 1845 ap.
748 1778 852 1829 Cic.
889 1781 952 1829 de
988 1785 1083 1831 inv.
1129 1785 1168 1841 l,
1210 1784 1292 1844 31,
1339 1784 1462 1833 unde
1506 1782 1681 1830 Fabius
1725 1797 1811 1827 sua
1854 1779 2032 1837 hausit,
2073 1788 2299 1839 utrumne,
2348 1781 2531 1833 Orellio

333 1867 567 1921 monente,
602 1863 648 1908 in
688 1876 782 1909 uno
818 1860 923 1910 cod.
959 1863 1215 1912 Turicensi
1252 1867 1522 1931 reperiatur.
1600 1864 1810 1910 Utrumne
1842 1859 2026 1927 quidem
2059 1859 2285 1909 Kleinius
2321 1864 2365 1909 in
2399 1862 2530 1913 See-

333 1941 461 1992 bodii
496 1941 616 1990 Bibl.
653 1944 752 1991 crit.
791 1941 939 2002 1823.
975 1945 1071 1994 No.
1107 1944 1155 1994 4.
1186 1962 1230 2011 p.
1265 1944 1367 1993 459
1404 1943 1644 1994 vindicare
1680 1941 1896 1992 studebat
1933 1940 2162 1993 Ciceroni
2198 1959 2266 1994 or.
2305 1959 2391 2010 pro
2427 1944 2529 1994 Mil.

335 2022 384 2083 2,
421 2022 495 2070 ubi
532 2022 777 2088 vulgatur:
816 2040 914 2070 eam
945 2034 1209 2085 potestatem
1245 2043 1412 2074 omnem
1446 2043 1520 2073 vos
1554 2028 1738 2082 habetis,
1774 2032 1824 2071 ut
1868 2029 2089 2082 statuatis,
2142 2034 2288 2072 utrum
2322 2042 2416 2085 noa,
2457 2029 2532 2086 qui

334 2119 508 2163 semper
542 2112 712 2151 vestrae
743 2107 996 2151 auctoritati
1026 2108 1212 2173 fuimus,
1248 2124 1420 2167 ‚semper
1455 2110 1605 2154 miseri
1642 2107 1881 2164 luqeumtcs,
1920 2120 1978 2152 tm
2015 2108 2090 2152 diu
2123 2109 2275 2153 vexati
2309 2122 2338 2153 a
2360 2108 2528 2165 perdi-

334 2187 515 2229 tissimis
549 2187 729 2240 cimba-5,
766 2187 1003 2245 aliqumzdo
1037 2203 1300 2234 recreemur.
1345 2172 1443 2236 ‘lbi
1497 2204 1632 2252 quum
1672 2189 1759 2252 pro
1811 2195 1959 2233 utrum
2010 2202 2091 2232 nos
2135 2187 2179 2231 in
2234 2184 2339 2236 cod.
2376 2186 2528 2232 Duis-

331 2252 557 2326 burgensi
592 2266 825 2312 etiamtum
860 2265 1087 2328 neglecto
1125 2276 1272 2314 ratum
1305 2285 1361 2315 ne
1394 2286 1475 2315 nos
1517 2268 1631 2317 ferri
1684 2265 2102 2323 animadverteret,
2146 2268 2193 2313 in
2230 2281 2289 2314 ea
2326 2264 2530 2313 lectione

334 2343 604 2407 suspicatus
649 2348 723 2391 est
767 2343 916 2393 latere
959 2354 1161 2393 utrumne
1206 2364 1297 2393 nos.
1378 2348 1446 2396 At
1489 2352 1732 2412 antequam
1781 2345 1874 2394 hoc
1918 2346 2193 2411 probemus,
2241 2360 2299 2393 ea
2344 2343 2530 2393 dicendi

331 2425 452 2471 ratio
506 2423 721 2484 indubio,
776 2430 826 2473 ut
878 2424 1106 2486 diximus,
1162 2424 1412 2475 Ciceronis
1466 2428 1682 2494 exemplo
1735 2424 1954 2475 firmanda
1986 2426 2197 2476 videtur:
2252 2439 2373 2489 quae
2411 2425 2528 2472 enim

331 2503 555 2568 leguntur
589 2505 715 2570 apud
752 2505 1068 2555 Goerenzium
1105 2506 1300 2556 Kleinio
1332 2507 1565 2556 laudatum
1609 2507 1671 2555 ad
1707 2506 1859 2555 Acad.
1896 2507 1961 2566 ll,
1997 2507 2079 2567 22,
2125 2525 2168 2574 p.
2210 2504 2309 2552 133
2346 2503 2528 2565 (Gara-

332 2586 504 2632 tonium
540 2584 601 2632 ad
636 2586 686 2632 11
722 2584 920 2653 Philipp.
957 2601 998 2634 c.
1038 2586 1118 2647 12,
1153 2586 1234 2633 30.
1271 2588 1329 2635 T.
1368 2587 1412 2635 1.
1446 2604 1491 2655 p.
1528 2587 1646 2649 253,
1692 2603 1826 2652 quem
1862 2586 1982 2635 idem
2017 2586 2221 2636 conferri
2258 2583 2410 2644 iubet,
2454 2585 2528 2629 in-

331 2668 520 2734 spicere
547 2680 640 2715 non
675 2667 830 2728 licet),
866 2681 924 2716 ea
959 2668 1112 2717 aliena
1148 2675 1281 2717 sunt:
1316 2672 1450 2719 immo
1485 2672 1548 2718 ita
1590 2674 1880 2742 comparata·
1907 2673 2030 2729 sunt,
2083 2673 2135 2716 ut
2170 2669 2210 2715 si
2247 2680 2308 2714 eo
2344 2662 2530 2712 dicendi

331 2763 514 2812 genere
552 2746 731 2797 Cicero
767 2765 942 2797 usurus
972 2748 1157 2810 fuisset,
1190 2753 1443 2800 orat-ionem
1496 2751 1590 2800 alio
1634 2750 1771 2800 modo
1818 2749 2172 2799 conformasset.
2243 2745 2529 2811 Scripsisset

333 2829 469 2888 enim,
504 2834 555 2876 ut
589 2823 830 2878 cbniicere
866 2828 938 2877 fas
972 2837 1062 2891 est,
1096 2840 1245 2879 utrum
1277 2849 1372 2889 210⁸,
1408 2836 1483 2892 qui
1509 2848 1681 2893 semper
1712 2835 1897 2892 fuimus,
1932 2847 2161 2891 semperne
2187 2830 2337 2875 misen·
2373 2816 2527 2886 lugea-

330 2925 445 2967 mus,
503 2926 561 2958 an
594 2914 686 2959 etc.
732 2925 930 2977 prorsus
974 2917 1026 2959 ut
1079 2913 1123 2959 in
1180 2910 1271 2960 illis
1305 2928 1336 2960 a
1371 2908 1642 2961 Goerenzio
1694 2926 1758 2961 ex
1792 2910 1941 2960 Tusc.
1976 2910 2066 2970 IV,
2102 2908 2152 2970 4,
2189 2905 2254 2956 19
2288 2907 2527 2955 excitatis:

339 2990 496 3036 Utrum
530 2993 666 3049 ‘fitur
699 2994 840 3037 mavia
871 2996 1078 3039 statimne
1112 3022 1178 3029 —-
1215 3010 1272 3040 cm
1306 3021 1375 3029 -
1407 2995 1656 3051 paullulum
1694 2996 1925 3051 remiyare,
1963 2992 2042 3040 ubi
2077 2993 2228 3038 statim
2264 2993 2313 3035 et
2341 2989 2526 3048 paullu-

333 3070 425 3117 lum
462 3067 548 3118 sibi
585 3075 894 3136 opponuntur,
931 3075 999 3122 uti
1035 3072 1146 3124 loco
1182 3078 1344 3123 nostro
1386 3078 1559 3134 semper
1608 3076 1759 3121 miseri
1813 3075 2038 3134 luqeamus
2074 3076 2122 3121 et
2159 3072 2250 3118 diu·
2267 3071 2417 3116 vexati
2449 3085 2526 3116 re-

333 3165 544 3197 creemur.
617 3149 770 3216 Igitur
805 3151 1079 3213 Quintiliani
1112 3153 1240 3214 levo,
1276 3152 1336 3203 ad
1372 3168 1507 3218 quem
1542 3160 1771 3214 revertor,
1808 3150 1985 3203 interim
2023 3151 2156 3201 nobis
2193 3147 2464 3198 cavebimus
2498 3164 2527 3197 a
