3040 3729
1287 268 1632 319 ...18—

355 417 467 482 ipso
498 426 683 480 genere
717 408 958 461 scribendi
990 409 1182 475 antiquo
1218 406 1600 475 compendiorum
1639 425 1775 458 usum
1806 410 1994 458 minim·
2022 407 2301 472 abhorrere,
2343 404 2560 474 exe-pb

311 533 322 547 .
357 494 602 547 docebunt
641 492 802 545 Praes.
846 490 911 544 ad
953 487 1062 550 Cic.
1107 488 1141 539 1.
1177 488 1209 538 Ι.
1243 490 1475 556 apposita.
1541 489 1790 542 Qenus
1833 487 1899 540 de
1949 487 2050 540 loci
2102 491 2347 559 principio.
2415 484 2560 543 Haud

360 572 776 626 minuscertade
819 571 1104 632 verbisiis,
1155 572 1381 636 quaein
1431 569 1986 640 parenthesibguntur,
2035 570 2420 639 haudintegris‚
2464 570 2560 619 etsi

360 672 450 725 per
481 672 539 722 se
575 658 791 723 spectata
823 655 932 704 vitii
965 652 1138 703 nnllam
1171 653 1493 720 suspicionem
1525 654 1755 713 excitent,
1789 655 2001 703 statuere
2033 650 2213 704 licebit.
2255 652 2335 703 Ac
2367 653 2560 719 primum

362 753 506 804 quum
555 735 842 785 Turicensis
890 737 1040 796 ipsum
1090 736 1231 797 qaod,
1284 736 1334 784 et
1385 730 1694 783 Florentium
1743 736 1892 795 §pm
1942 738 2020 795 φά
2069 734 2348 805 exhibeant,
2397 732 2561 783 hormn

361 822 578 870 neutrum
614 813 804 881 quidem
833 814 950 866 serri
982 818 1158 882 potest,
1188 813 1474 865 documento
1507 818 1659 865 tamen
1694 817 1894 880 utraque
1932 812 2081 865 lectio
2115 801 2208 877 est,
2243 819 2334 865 iam
2366 813 2478 864 olim
2511 815 2562 862 in

365 899 460 949 boc
492 898 605 948 loco
643 895 918 947 exhibendo
952 894 1101 946 libros
1131 895 1401 946 fluctuasse.
1456 892 1625 945 Ceteri
1658 910 1780 946 vero
1813 893 1923 944 libri
1956 892 2245 962 Spaldingio
2277 898 2424 947 notati
2456 909 2563 945 cum

362 984 567 1045 utroque
603 976 758 1025 Paria.
793 981 844 1026 et
876 975 1005 1025 Edd.
1039 976 1284 1026 nonnullis
1323 977 1678 1042 exquisitiorem
1719 974 1973 1026 lectionem
2017 992 2105 1038 quo
2144 980 2292 1038 ipsun
2324 975 2562 1037 exhibent,

364 1076 501 1127 quam
531 1075 593 1109 eo
626 1059 803 1107 maiore
836 1054 1012 1105 fiducia
1045 1055 1317 1124 amplector,
1351 1072 1447 1123 quo
1464 1057 1756 1123 frequentius
1791 1055 1958 1107 eadem
1996 1059 2350 1109 constructione
2382 1057 2564 1108 Noster

364 1156 486 1191 usus
520 1144 609 1191 est.
673 1139 716 1198 1,
751 1137 800 1198 5,
835 1135 962 1185 331.
994 1140 1257 1185 mevitabilis
1289 1141 1403 1196 soni,
1439 1141 1595 1199 quibus
1626 1153 1935 1198 nmquam
1967 1141 2167 1186 nationes
2199 1140 2566 1198 reprehendimoe.

364 1220 486 1281 XII,
525 1217 606 1279 10,
639 1217 733 1267 33.
764 1233 852 1265 non
882 1220 969 1265 erit
999 1219 1085 1264 hac
1118 1217 1343 1264 calumnia
1371 1219 1765 1277 reprehendendum.
1836 1215 1937 1268 lam
1971 1215 2047 1264 his
2081 1220 2268 1282 positis,
2318 1221 2359 1266 si
2390 1216 2452 1266 ad
2480 1231 2567 1267 eos

367 1300 582 1359 codices,
618 1313 740 1362 quos
774 1298 923 1363 primo
951 1295 1064 1346 loco
1109 1297 1359 1356 nominavi,
1404 1311 1617 1362 quosque
1651 1312 1768 1364 prae
1802 1299 1981 1346 ceteris
2022 1301 2253 1363 tamquam
2298 1298 2450 1348 duces
2482 1313 2566 1347 se-

367 1372 593 1446 quendos>
621 1393 734 1427 esse
765 1381 970 1436 constat,
1007 1377 1303 1439 respicimus,
1334 1376 1480 1425 valde
1515 1377 1567 1424 fit
1586 1376 1844 1441 probabile,
1880 1382 2122 1426 auctorem
2140 1380 2395 1444 scripsisse
2424 1381 2569 1438 ipsum

368 1477 467 1522 quo.
541 1454 684 1517 Quod
720 1459 872 1523 ipsum
904 1451 1099 1505 dicendi
1134 1470 1289 1520 genus
1324 1455 1633 1516 insolentius,
1686 1474 1780 1523 quo
1816 1457 2067 1508 relativum
2098 1461 2181 1507 uni
2212 1459 2443 1524 alterique
2474 1473 2567 1508 vo-

369 1537 541 1591 cabulo
576 1539 901 1605 postponitur,
942 1550 1036 1586 nec
1071 1540 1227 1587 tamen
1258 1553 1287 1585 a
1321 1535 1670 1588 consuetudine
1700 1544 1916 1590 veterum
1950 1538 2091 1606 plane
2126 1538 2406 1601 abhorrens,
2456 1552 2568 1589 cor-

368 1620 587 1687 ruptelae
624 1635 783 1667 ansam
819 1617 1099 1686 praebuisse
1131 1617 1333 1667 videtur.
1400 1617 1594 1667 Seneca
1617 1616 1850 1668 Controv.
1885 1617 1934 1680 8,
1970 1618 2028 1667 4:
2058 1620 2166 1668 Non
2192 1623 2336 1680 magis
2370 1620 2570 1668 crudeles

369 1710 487 1760 stmt,
520 1702 715 1748 volentes
750 1703 825 1761 qui
859 1702 1001 1746 vivere
1037 1700 1256 1756 occidant,
1293 1715 1425 1759 quam
1459 1702 1535 1759 qui
1568 1703 1681 1746 mori
1698 1702 1890 1747 volentes
1924 1717 2012 1749 non
2044 1703 2205 1748 amnuit.
2249 1697 2327 1749 Cf.
2346 1698 2569 1749 Perizon.

371 1780 435 1831 ad
468 1782 583 1830 Liv.
621 1778 871 1838 XXVIII,
908 1776 989 1839 12,
1027 1775 1106 1825 13.
1178 1777 1328 1845 Apud
1362 1776 1649 1828 Ciceronem
1684 1777 1858 1829 dubiae
1895 1782 2191 1828 auctoritatis
2226 1784 2301 1829 est
2329 1779 2468 1828 locus
2502 1794 2570 1839 or.

370 1877 458 1928 pro
494 1859 598 1909 Mil.
637 1858 718 1920 16,
751 1858 836 1918 42,
871 1873 965 1922 quo
1002 1856 1130 1922 quod
1183 1857 1443 1907 secundum
1491 1858 1745 1924 plerosque
1790 1857 1988 1909 codices
2024 1859 2081 1908 ab
2117 1858 2303 1909 Orellio
2334 1861 2575 1924 receptum

372 1945 448 1991 est
501 1942 649 1987 onvzia
693 1954 781 1985 non
832 1940 963 1986 modo
1016 1954 1130 1999 quae
1172 1940 1433 1999 reprebendi
1468 1940 1646 1999 palam,
1672 1942 1772 1987 ⁴sed
1819 1942 1953 1988 etiam
2006 1941 2190 1988 obscure
2240 1956 2353 2000 quae
2388 1940 2574 1998 coyitari

369 2029 578 2081 possunt,
611 2023 836 2076 timemus,
873 2033 967 2082 quo
1001 2021 1154 2067 minus
1187 2021 1293 2067 sine
1328 2034 1459 2068 mora
1489 2018 1823 2084 approbemus,
1857 2018 2132 2085 impedimur
2165 2018 2349 2068 codicis
2398 2017 2575 2066 Erfur-

373 2102 527 2150 tensis
579 2114 697 2148 cura
755 2096 988 2148 Freundii
1050 2112 1173 2148 nunc
1238 2099 1498 2166 exprompti
1555 2101 1858 2159 auctoritate,
1906 2117 2019 2159 quae
2066 2103 2249 2148 obscure
2295 2098 2576 2150 exhibentis.

374 2179 568 2232 Certior
620 2177 740 2229 ordo
792 2178 1046 2230 verborum
1094 2166 1336 2230 videbitur
1373 2194 1500 2229 nunc
1551 2181 1600 2229 in
1628 2179 1737 2230 edd.
1781 2179 2006 2245 vulgatus
2039 2180 2177 2231 Lael.
2221 2180 2271 2240 5,
2308 2179 2405 2229 19:
2459 2189 2508 2227 ut
2541 2183 2576 2225 ii

371 2249 579 2322 frier-unt,
621 2264 751 2308 modo
795 2276 905 2321 quos
948 2264 1190 2318 nominavi,
1244 2262 1458 2325 quamvis
1498 2263 1635 2309 etiam
1667 2259 1746 2310 hic
1792 2259 2041 2310 codicibus
2075 2260 2420 2311 fluctuantibus.
2491 2259 2575 2307 In-

375 2340 520 2390 dubia
550 2355 672 2390 vero
709 2356 830 2404 quae
866 2341 1091 2406 leguntur
1126 2356 1194 2389 or.
1230 2343 1279 2389 in
1319 2340 1418 2391 Pis.
1452 2340 1537 2400 25,
1573 2341 1666 2390 61:
1702 2351 1755 2389 ut
1792 2345 1965 2401 scriba,
2010 2347 2075 2391 ad
2121 2346 2345 2391 aerarium
2391 2344 2466 2402 qui
2499 2356 2577 2387 eas

376 2422 639 2484 (rationes)
676 2423 841 2468 retulit.
911 2421 987 2470 lX
1020 2420 1222 2487 Philipp.
1258 2420 1307 2481 3,
1343 2421 1401 2470 6:
1439 2425 1591 2470 multis
1622 2424 1691 2469 illi
1722 2425 1770 2469 in
1804 2426 1999 2480 urbibus,
2036 2428 2122 2471 iter
2155 2440 2243 2485 qua
2281 2424 2576 2483 faciebat...

373 2510 572 2563 potestas
601 2501 709 2561 finit,
742 2499 819 2548 ubi
854 2504 1095 2569 receptam
1130 2501 1396 2562 lectionem,
1432 2503 1572 2552 cuius
1603 2501 1715 2554 loco
1751 2501 1861 2553 olim
1888 2520 1976 2566 qua
2004 2507 2090 2552 iter
2125 2487 2418 2567 vulgabatur,
2450 2501 2576 2565 opti-

375 2598 477 2629 mus
513 2581 777 2628 Vaticanus
829 2581 1004 2645 aliique
1055 2580 1194 2631 codd.
1230 2582 1424 2643 firmant,
1470 2581 1736 2632 firmandam
1786 2585 1980 2650 insuper
2023 2600 2088 2634 ex
2124 2584 2217 2650 Ep.
2255 2581 2316 2631 ad
2347 2582 2452 2630 Att.
2486 2577 2578 2641 IX,

377 2660 426 2721 1,
457 2659 491 2708 3
507 2664 593 2708 iter
623 2677 712 2721 qua
739 2665 939 2709 maa-ime
974 2664 1222 2728 ἀπάντητον
1256 2672 1384 2710 esset.
1421 2661 1518 2711 Off.
1554 2663 1640 2725 111,
1671 2662 1752 2726 19,
1788 2663 1912 2714 106:
1946 2666 2170 2713 neriiosius
2202 2666 2278 2726 qui
2308 2666 2397 2709 ista
2431 2664 2577 2709 disse-

375 2749 505 2798 nait,
559 2742 704 2788 solum
755 2744 948 2790 audent.
967 2779 978 2791 .
998 2778 1009 2790 .
1029 2746 1105 2804 qui
1151 2751 1299 2790 autem
1345 2740 1585 2791 remissius.
1656 2744 1748 2812 Ep.
1801 2744 1862 2793 ad
1915 2746 2016 2795 Att.
2051 2745 2115 2806 Π,
2153 2745 2200 2805 1,
2235 2743 2294 2792 2:
2348 2744 2475 2801 vulqo
2505 2747 2579 2804 qui

377 2823 628 2868 instabant.
652 2859 660 2867 .
684 2859 693 2867 .
713 2824 805 2867 iam
847 2824 1056 2869 exhibere
1087 2825 1335 2871 molestiam
1369 2825 1639 2873 destitenmt.
1713 2825 1851 2887 VIII,
1899 2824 1947 2886 8,
1989 2823 2089 2875 12:
2135 2826 2234 2884 ille,
2280 2827 2346 2872 cir
2377 2826 2452 2886 qui
2483 2840 2579 2873 esse

379 2903 542 2948 debuit.
615 2900 704 2961 IX,
743 2899 793 2961 9,
825 2901 886 2951 4:
924 2910 1107 2963 propter
1139 2905 1342 2963 dmnum,
1395 2906 1522 2953 Antii
1571 2922 1705 2968 quam
1758 2915 1851 2972 tum
1895 2908 2119 2956 habebam.
2190 2903 2305 2955 Nec
2350 2903 2578 2956 dissimile

379 2978 473 3029 off.
508 2980 546 3039 1,
582 2979 651 3028 25
664 3016 677 3040 ,
723 2980 823 3030 89:
865 3000 1105 3045 numquam
1148 2987 1289 3042 enim,
1333 2988 1475 3034 iratus
1522 2991 1598 3048 qui
1641 2990 1822 3036 accedet
1863 2990 1929 3036 ad
1971 3003 2185 3047 poenam,
2232 2987 2577 3040 mediocritatem

377 3060 505 3106 illam
552 3063 724 3108 tenebit.
792 3062 927 3113 Nolo
975 3062 1071 3114 huc
1123 3063 1304 3116 referre
1337 3065 1446 3116 Fin.
1485 3066 1552 3128 11,
1586 3065 1637 3127 5,
1672 3065 1764 3117 15:
1795 3076 2076 3130 commento
2108 3069 2184 3128 qni
2218 3064 2437 3121 σκοτεινὸς
2464 3083 2575 3128 per-

379 3140 562 3199 bibetur,
598 3142 818 3206 quoniam
851 3149 1040 3210 poetae,
1077 3144 1253 3196 Lucilii
1288 3152 1339 3197 ut
1375 3150 1639 3217 suspicatur
1673 3148 1967 3216 Madvigius,
1995 3148 2146 3200 verba
2181 3161 2293 3197 esse
2344 3145 2576 3198 videntur.
