3040 3729
1522 271 1830 322 ...6.-

562 419 685 467 ratio
738 413 911 483 sponte
953 419 1161 482 apparet.
1231 413 1392 461 Posdt
1440 411 1625 478 quide-
1667 411 1843 462 abesse
1889 416 1963 460 ιιιι·
2012 413 2118 462 sine
2158 416 2420 466 sententiae
2463 411 2764 464 detrimento:

563 496 652 548 sed
686 499 948 565 appositum
983 495 1145 555 malim,
1179 507 1274 558 quo
1306 492 1483 543 clarior
1499 492 1727 560 procedat
1745 500 1949 559 persona
1982 493 2029 540 in
2062 498 2252 543 sumit
2278 502 2329 545 et
2354 497 2580 544 modim
2608 496 2764 542 mente

560 575 881 643 intelligenda.
950 576 1140 626 Mecum
1175 576 1220 622 in
1256 573 1350 623 hoc
1384 573 1496 623 loco
1539 571 1870 623 constituendo
1904 574 2069 635 sentit,
2106 576 2151 623 ni
2186 578 2405 628 memoria
2434 573 2598 636 fallor,
2631 572 2763 623 Her-

560 659 761 722 zogius.
799 673 901 706 nam
935 671 1052 705 casu
1085 654 1309 720 singulari
1355 652 1553 714 accidit,
1596 661 1647 703 ut
1697 653 1917 737 scribenti
1951 652 2073 702 baec
2106 654 2215 703 mihi
2259 656 2403 707 editio
2439 658 2541 706 eius
2573 658 2762 721 praesto

560 752 655 786 non
692 739 764 785 sit.
834 734 1074 788 Continuo
1109 739 1391 800 sequuntur:

696 874 821 922 Nam
846 876 1098 922 benevolum
1119 875 1364 919 «tumorem
1388 874 1655 918 innovatione
1675 873 1872 927 deor-mm
1908 887 2020 932 quas
2038 875 2294 932 praesidere
2320 876 2489 921 vatim
2508 875 2656 921 crede.

701 963 794 1001 tum
839 963 928 1012 eet,
981 963 1026 1001 et
1077 957 1290 1000 intentum
1327 955 1558 1011 proposita
1600 967 1749 999 rerum
1791 954 2117 1011 mafflzitudine,
2171 961 2216 1002 et
2262 955 2448 1001 docilem
2489 969 2659 1013 mma

698 1036 902 1082 celeriter
935 1034 1249 1095 comprehensa
1282 1033 1408 1093 facit.

555 1170 667 1222 Huc
714 1170 826 1221 facit
872 1171 1012 1222 locus
1064 1170 1167 1230 lv,
1220 1170 1273 1229 1,
1329 1172 1388 1232 5,
1441 1170 1514 1219 ubi
1568 1169 1631 1219 de
1682 1170 1933 1237 prooemiis
1985 1171 2164 1236 agitur,
2218 1172 2263 1219 in
2315 1173 2471 1238 primis
2521 1169 2598 1221 hic
2640 1186 2760 1221 con-

555 1251 805 1302 ferendum
848 1256 997 1301 Causa
1028 1255 1242 1313 principii
1274 1254 1400 1299 nulla
1438 1260 1507 1298 est
1539 1254 1646 1310 alia,
1693 1267 1824 1313 quom
1857 1259 1909 1298 ut
1941 1254 2200 1309 auditorem,
2236 1268 2321 1313 quo
2353 1255 2414 1301 sit
2444 1254 2568 1301 nobis
2601 1254 2648 1300 in
2682 1267 2761 1300 ce-

558 1337 664 1382 teris
715 1336 918 1393 partibus
952 1334 1349 1390 accommodatior,
1381 1349 1715 1393 praeparemus.
1786 1334 1847 1379 Id
1883 1331 1990 1393 fieri
2001 1328 2003 1330 ’
2035 1333 2177 1380 tribus
2220 1337 2418 1382 moa-ime
2468 1321 2598 1381 rebus
2647 1336 2761 1380 inter

556 1422 762 1462 auctores
792 1415 1013 1474 plin-imos
1047 1421 1238 1470 constat,
1273 1416 1314 1459 si
1359 1415 1622 1471 benevolum,
1670 1421 1896 1470 attentum,
1946 1415 2135 1461 docilem
2166 1415 2419 1474 fecerimus.
2492 1411 2621 1474 Quas
2662 1419 2761 1463 tres

556 1509 645 1544 res
673 1494 719 1541 in
756 1493 1056 1559 sequentibus
1092 1492 1278 1542 Noster
1314 1492 1468 1542 multis
1493 1495 1801 1560 persequitur.
1851 1490 2078 1542 Ceterum
2112 1492 2257 1542 valde
2276 1491 2582 1543 memorabilis
2617 1492 2760 1542 lectio

557 1572 719 1623 Turic.
761 1578 810 1623 et
852 1572 984 1622 Flor.
1041 1591 1110 1640 pr.
1154 1589 1210 1621 ιιι.
1258 1588 1361 1622 cum
1407 1573 1652 1639 Bamberg.
1698 1576 1893 1622 creditur
1943 1592 2000 1622 m.
2040 1574 2166 1637 (sic)
2203 1589 2290 1641 pro
2326 1578 2554 1634 creditwn,
2590 1576 2636 1625 in
2672 1590 2761 1640 qua

557 1669 734 1704 vereor
770 1668 831 1702 ue
871 1669 1094 1719 germana
1128 1654 1226 1703 loci
1262 1656 1490 1721 scriptura
1527 1654 1683 1703 lateat.
1754 1653 1859 1704 Sed
1905 1670 1997 1704 non
2034 1655 2231 1720 contigit
2273 1670 2336 1703 ex
2372 1656 2475 1703 istis
2508 1654 2759 1706 litterarum

557 1735 777 1799 vestigiis
812 1733 985 1800 aliquid
1023 1749 1208 1795 eruere,
1246 1734 1370 1799 quod
1407 1735 1739 1802 probabilitatis
1775 1737 1981 1802 speciem
2016 1751 2132 1802 prae
2175 1750 2230 1784 se
2264 1734 2422 1785 ferret.
2474 1734 2592 1785 Erat
2625 1753 2759 1801 quum

559 1816 831 1878 cogitarem,
867 1815 1098 1881 sepultum
1135 1814 1284 1864 latere
1321 1819 1613 1863 credidenmt.

1580 1984 1626 2036 §-
1661 1974 1742 2024 49.

669 2113 730 2159 Ut
786 2115 942 2171 eliam,
995 2116 1070 2174 qui
1116 2115 1170 2160 de
1224 2117 1392 2161 artibus
1427 2119 1724 2174 scripserunt,
1775 2116 1957 2173 plurimi
1995 2115 2152 2160 harum
2186 2130 2333 2159 rerum
2370 2117 2661 2162 testimonium

659 2194 714 2238 ab
747 2194 828 2239 hoc
860 2201 994 2253 poeta
1026 2201 1193 2252 petant.

561 2328 776 2389 Debetur
839 2328 959 2377 haec
1017 2329 1111 2378 loci
1175 2331 1406 2395 scriptura
1468 2329 1731 2396 Spaldingii
1784 2333 2003 2390 acumini,
2062 2332 2196 2380 cuius
2258 2332 2570 2379 coniecturam
2623 2335 2759 2399 cupi-

561 2406 667 2457 dius
729 2411 1020 2476 arripuerunt
1074 2416 1122 2459 et
1169 2408 1492 2459 Gernhardius
1556 2417 1603 2459 et
1666 2409 1997 2461 Frotscherus.
2084 2409 2268 2462 Vellem
2316 2412 2389 2460 vir
2435 2413 2762 2475 sagacissimus

559 2490 770 2538 rationes
807 2492 1247 2556 exposuisset,‘cur
1282 2493 1483 2557 optimae
1518 2491 1790 2556 optimorum
1826 2491 2041 2542 codicum
2085 2492 2278 2541 lectioni
2318 2493 2514 2550 plurima
2548 2493 2641 2539 har.
2675 2510 2759 2540 rer.

561 2573 810 2617 testimonia
845 2570 981 2619 aliam
1018 2571 1341 2629 substitueret,
1394 2586 1515 2634 quae
1557 2586 1618 2620 ne
1663 2574 1800 2619 menti
1845 2571 2027 2634 quidem
2074 2573 2318 2638 scriptoris
2352 2568 2491 2634 plane
2525 2571 2761 2620 satisfacit.

558 2645 744 2706 Quotus
780 2651 900 2698 enim
935 2651 1132 2714 quisque
1167 2648 1253 2699 fuit
1287 2652 1450 2699 artium
1488 2651 1713 2717 scriptor,
1767 2652 1843 2715 qui
1878 2651 2095 2718 exempla
2128 2651 2375 2717 figurarum
2414 2663 2508 2696 non
2550 2649 2607 2697 ab
2652 2650 2760 2699 Ho-

558 2741 689 2776 mero
742 2729 1028 2794 potissimnm
1082 2735 1308 2795 tamquam
1363 2731 1578 2797 primario
1629 2728 1927 2795 eloquentiae
1975 2735 2124 2783 omnis
2186 2731 2319 2780 fonte
2370 2728 2591 2795 petierit?
2637 2730 2761 2795 quod

557 2805 737 2858 Fabius
792 2824 948 2875 neque
991 2813 1213 2876 ignorare
1261 2813 1410 2877 potuit
1458 2821 1611 2877 neque
1664 2812 1911 2876 ignoravit.
1982 2814 2096 2863 Non
2149 2810 2351 2862 debebat
2396 2811 2536 2874 igitur
2581 2812 2765 2870 plurimi

556 2887 746 2951 dicere,
801 2890 924 2956 quod
977 2893 1171 2957 insuper
1217 2891 1377 2941 durius
1430 2907 1534 2941 cum
1581 2894 1656 2953 qui
1706 2894 1908 2943 iunctum
1954 2899 2048 2944 est.
2118 2894 2277 2958 Atque
2313 2888 2440 2955 quod
2467 2890 2668 2956 pertinet
2699 2890 2762 2942 ad

556 2968 775 3019 librorum
812 2974 1151 3033 auctoritatem,
1190 2977 1482 3021 testimonum
1518 2971 1727 3036 quidem
1738 2979 1901 3024 tenent
1935 2974 1979 3022 Β
1980 2974 2066 3025 lor.
2103 2980 2152 3024 et
2185 2972 2346 3020 Turio.
2382 2984 2486 3022 cum
2516 2968 2762 3039 Bamberg.

557 3048 645 3099 sed
678 3053 870 3110 plurime
904 3052 985 3102 vel
1017 3056 1240 3114 plmmae
1274 3053 1411 3104 iidem
1445 3059 1586 3118 atque
1622 3052 1697 3102 hic
1732 3070 1761 3102 a
1796 3070 1894 3105 see.
1926 3073 1982 3104 m.
2017 3070 2131 3105 cum
2168 3054 2357 3118 reliquis
2390 3052 2538 3101 libris
2551 3055 2762 3114 phu-ima,

556 3129 939 3194 quemadmodum
991 3136 1129 3183 etiam
1171 3133 1333 3184 Turio.
1371 3138 1420 3182 et
1455 3132 1583 3183 Flor.
1616 3150 1672 3181 ιιι.
1707 3149 1806 3184 sec.
1861 3139 2108 3183 testimoma
2160 3132 2398 3184 exhibent.
2467 3133 2543 3182 De
2594 3135 2762 3184 eximia
